4825 5834
2372 444 2772 523 ...18-

861 660 1125 766 partim
1177 660 1269 737 ad
1333 686 1449 738 res
1475 714 1497 755 ,
1565 656 1775 762 paulo
1842 671 2004 734 ante
2066 654 2419 733 obsidium
2478 657 2858 757 gerendas,
2908 660 3168 765 partim
3223 658 3317 737 ad
3373 658 3722 737 obsidium
3769 662 4004 763 ipsum
4065 675 4148 741 et
4209 660 4320 737 ad

866 790 1495 891 expugnationem,
1544 787 1807 890 partim
1850 783 1945 858 ad
1984 812 2119 879 ea,
2170 812 2347 885 quae
2389 782 2908 887 expugnatione
2951 787 3331 891 posteriora
3359 801 3636 880 essent,
3689 788 4052 890 pertinuit.

968 918 1154 993 Nam
1193 944 1350 1021 cap.
1382 918 1545 1011 IX,
1600 942 1764 992 cum
1833 910 1925 989 ad
1971 928 2261 989 cantum
2305 911 2522 987 tubae
2563 913 2846 1015 quintae
2883 926 3073 1018 ἀστήρ
3123 915 3382 993 dicitur
3421 924 3486 991 ἐκ
3529 931 3624 990 τοῦ
3675 921 3902 1015 adpones&
3947 926 4330 993 πεπωκέναι

872 1053 947 1131 εἰς
1000 1054 1101 1129 τὴν
1155 1062 1260 1144 γῆν
1279 1099 1299 1136 ,
1349 1042 1559 1145 i'alsus
1636 1042 1765 1117 iste
1829 1042 2076 1118 doctor
2103 1100 2124 1136 ,
2210 1038 2584 1116 Eleazarus
2626 1043 3016 1134 ,·Ananiae
3090 1044 3271 1123 filius
3291 1102 3312 1143 ,
3382 1044 3810 1147 significatur
3844 1099 3867 1137 ,
3927 1045 4064 1151 qui
4133 1042 4350 1133 ἤνοιξε

877 1179 941 1245 τὸ
981 1184 1164 1273 φρέαρ
1216 1190 1321 1259 τῆς
1360 1178 1618 1265 ἀβύσσου
1640 1228 1659 1263 ,
1712 1169 1791 1250 h.
1818 1198 1881 1249 e.
1914 1228 1936 1266 ,
1986 1172 2109 1275 qui
2148 1170 2423 1274 primus
2469 1170 2875 1247 seditiosum
2913 1170 3164 1271 dogma
3215 1172 3542 1276 protulit:
3593 1174 3935 1249 Romanis
3983 1198 4134 1251 non
4169 1200 4344 1273 pa-

878 1286 1183 1377 bendum
1256 1322 1447 1389 esse,·
1512 1324 1651 1401 quo
1714 1298 1977 1375 factum
2002 1355 2022 1391 ,
2086 1309 2171 1371 ut
2224 1297 2528 1399 pessima
2597 1297 2719 1373 illa
2799 1297 3193 1375 Zelotarum
3258 1301 3469 1377 factio
3521 1298 3912 1394 exstiterit,
3979 1324 4166 1407 quae
4235 1300 4356 1375 lo-

880 1440 1236 1502 custarum
1282 1426 1583 1527 imagine
1624 1428 1702 1502 ih
1744 1424 2195 1529 sequentibus
2238 1426 2662 1502 describitur
2708 1424 2864 1526 (e).

966 1556 1034 1629 A
1082 1580 1236 1656 cap.
1270 1556 1406 1629 IX.
1468 1554 1551 1628 13
1604 1566 1841 1629 autem
1884 1552 2315 1629 describitur
2370 1550 2728 1627 obsidium
2761 1551 3425 1655 Hierosolymorum,
3475 1577 3520 1627 a
3557 1549 3901 1630 Romanis
3951 1550 4354 1657 inceptum

872 1694 1081 1782 atque
1147 1678 1577 1771 ahsolutum3
1656 1677 1809 1751 colo
1868 1678 2060 1753 enim
2120 1678 2205 1773 14
2235 1733 2255 1768 ,
2314 1689 2363 1753 οἱ
2406 1690 2679 1777 τέσσαρες
2727 1678 2997 1780 ἄγγελοι,
3047 1692 3096 1756 οἱ
3150 1682 3422 1777 ὼδὲμένοι
3467 1685 3562 1753 ἐπὶ
3606 1680 3692 1779 τῷ
3729 1682 3972 1778 ποταμῷ
4027 1684 4293 1780 &ppei-m
4319 1738 4348 1773 ‚

876 1826 971 1881 καὶ
1011 1818 1401 1903 ἡτοιμασμένοι
1432 1813 1509 1890 εἰς
1557 1810 1663 1887 τήν
1696 1804 1853 1900 ὥραν
1894 1822 1991 1874 καὶ
2030 1814 2257 1898 ἡμέραν
2308 1812 2416 1872 καί
2437 1807 2596 1897 μῆνα
2635 1818 2742 1877 καί
2780 1814 3055 1899 ἐνιαυτὸν,
3109 1820 3275 1883 sunt
3315 1805 3532 1884 duces
3573 1820 3647 1881 et
3702 1806 4028 1882 custodes
4057 1804 4349 1910 Vespa-

885 1932 1064 2006 siani
1082 1989 1101 2025 ,
1151 1932 1295 2005 Titi
1328 1990 1347 2025 ‚
1399 1926 1711 2003 Muciani
1757 1938 1827 2001 et
1860 1924 2131 2002 Tiberii
2168 1925 2554 2003 Alexandri
2577 1984 2600 2019 ,
2653 1954 2956 2031 quorum
2993 1930 3319 2035 ingentes
3356 1934 3704 2011 exercitus
3746 1933 3841 2010 ad
3869 1928 4342 2037 'Euphratem

885 2084 1106 2161 usque
1151 2058 1633 2159 pertingerent
1662 2110 1683 2149 ,
1736 2051 2137 2156 quibusque
2214 2076 2382 2125 cum
2451 2054 2580 2127 diu
2635 2056 3012 2130 consilium
3079 2060 3329 2131 fuisset
3353 2120 3371 2147 ‚
3437 2057 3916 2156 Hierosolyma
3958 2060 4298 2135 obsidere
4323 2116 4350 2153 ‚

871 2212 997 2291 ,res
1058 2199 1297 2261 tamen
1346 2184 1608 2258 Divino
1690 2181 1978 2256 consilio
2033 2178 2246 2257 dilata
2286 2180 2516 2254 fuerat
2559 2178 2640 2255 in
2687 2190 2972 2281 tempus
3017 2177 3156 2283 ipsi
3207 2178 3678 2255 destinatum:
3730 2180 3924 2281 quod
3971 2207 4144 2259 vero
4196 2186 4348 2259 bo-

896 2338 1060 2388 rum
1098 2311 1341 2413 copiae
1393 2308 1728 2385 dicuntur
1767 2311 1864 2381 δύο
1897 2313 2169 2407 μυριάδες
2205 2308 2496 2405 μυρωὶδων
2520 2358 2542 2397 ,
2593 2298 2676 2377 id
2717 2304 2984 2405 optime
3025 2328 3195 2381 cum
3242 2304 3437 2380 exitu
3471 2306 3838 2401 convenit3
3891 2334 4064 2385 nam
4123 2335 4349 2413 prae.

896 2444 1223 2542 tei-quam
1256 2437 1453 2542 quod
1490 2436 1685 2541 ipsae
1753 2436 2236 2510 Romanorum
2290 2432 2598 2532 legiones
2654 2429 2926 2528 ingenti
2983 2444 3222 2507 essent
3277 2454 3580 2508 numero
3600 2490 3621 2528 ,
3667 2433 3877 2509 multi
3905 2435 4120 2511 etiam
4151 2438 4344 2514 socii

887 2565 1001 2639 his
1057 2564 1281 2641 additi
1332 2577 1500 2641 sunt
1566 2561 1828 2667 partim
1898 2564 1944 2635 a
1992 2560 2237 2662 Syriae
2299 2556 2705 2635 civitatibus
2731 2614 2752 2649 ,
2801 2556 3066 2661 partim
3103 2556 3196 2633 ab
3232 2557 3621 2652 Antiocho,
3689 2560 4340 2661 Commagena-um

895 2692 1129 2787 chc,
1176 2692 1439 2789 purtim
1489 2690 1581 2764 ab
1630 2690 1811 2767 aliis.
1908 2688 2187 2763 Horum
2246 2686 2464 2786 igitur
2509 2686 2582 2763 vi
2629 2709 2840 2777 cum,
2889 2684 3286 2785 expugnata
3317 2684 3604 2759 tandem
3665 2682 3900 2778 urbe,
3941 2690 4344 2789 pei-unffi,

890 2820 957 2889 τὸ
995 2824 1179 2911 τρεῖ-ον
1214 2829 1325 2887 τῶν
1372 2818 1719 2913 ἀνθρώπων,
1765 2812 1898 2886 col.
1944 2836 1971 2884 1
1986 2813 2033 2884 8
2058 2866 2078 2901 ‚
2128 2810 2383 2883 misere
2422 2809 2797 2911 periissent
2820 2867 2843 2902 ,
2891 2806 3198 2915 reliquos
3259 2824 3504 2886 tamen
3566 2810 3659 2887 ad
3709 2813 3984 2889 virtutis
4013 2814 4341 2895 studium

896 2934 1247 3013 nondum
1296 2938 1648 3015 redituros
1696 2958 1847 3011 esse
1902 2932 2393 3036 praedicitur,
2443 2934 2576 3011 sed
2635 2933 2890 3011 iisdem
2935 2934 3360 3013 adhaesuros
3413 2936 3632 3029 vitiis,
3682 2936 3938 3038 quibus
3992 2956 4202 3019 antea
4245 2946 4350 3019 ir-

902 3064 1094 3138 retiti
1140 3064 1467 3161 fuissent3
1518 3063 1835 3160 (scilicet
1870 3060 2264 3141 criminatio
2305 3058 2425 3137 illa
2483 3058 2934 3141 Idoiolatriae
2993 3060 3076 3137 in
3123 3064 3463 3135 ,ludaeos
3497 3062 3730 3155 Iaq’m
3783 3069 4042 3138 nemus
4073 3068 4350 3171 impro-

900 3186 1053 3287 prie
1094 3170 1497 3278 confertur,
1543 3193 1679 3269 col.
1721 3220 1845 3259 πο.
1859 3196 1971 3281 )

994 3298 1257 3407 Quare,
1310 3338 1465 3415 cap.
1507 3311 1648 3402 X,
1715 3308 2013 3409 Angelus
2068 3304 2357 3409 prodit,
2421 3300 2766 3381 divinitus
2803 3300 3216 3406 interposito
3273 3309 3430 3409 jure
3503 3310 3805 3411 iurando
3874 3316 4296 3417 praedicans
4313 3384 4342 3421 ,

909 3444 1021 3515 col·
1043 3493 1061 3513 .
1112 3464 1155 3538 7
1183 3495 1204 3531 ,
1254 3443 1539 3537 iamiam
1576 3446 1859 3537 tempus
1906 3432 2163 3509 instare
2186 3489 2206 3525 ,
2262 3456 2405 3535 quo
2445 3429 2725 3506 residua
2783 3430 2994 3507 etiam
3047 3430 3098 3505 J
3095 3430 3483 3510 udaeorum
3521 3436 3730 3514 turba
3765 3438 4066 3520 delenda
4106 3465 4292 3526 esset
4323 3512 4348 3548 ,

856 3662 871 3671 ·
905 3583 1115 3669 atque
1168 3564 1399 3643 omnis
1449 3560 1705 3638 umbra
1746 3559 2051 3637 civitatis
2108 3585 2355 3635 eorum
2368 3614 2390 3653 ,
2440 3584 2622 3663 quae
2669 3558 2903 3636 adhuc
2955 3560 3406 3639 remansisset
3424 3618 3446 3657 ,
3493 3562 3780 3667 penitus
3837 3592 3880 3641 e
3923 3572 4162 3649 medio
4203 3580 4345 3655 tol.

900 3690 1136 3769 lenda.
1237 3690 1351 3767 Ad
1407 3688 1751 3790 septimae
1811 3688 2021 3762 tubae
2074 3702 2363 3763 cantum
2441 3685 2524 3761 id
2581 3688 2977 3789 perfectum
3027 3687 3117 3765 iri
3135 3742 3158 3783 ,
3223 3686 3342 3765 ille
3403 3691 3732 3788 nuntiat3
3801 3718 3944 3795 quo
4011 3712 4352 3807 tempore

914 3827 1109 3917 μέλλει
1145 3824 1475 3917 τελεσθῆναι
1520 3822 1585 3891 τὸ
1630 3827 1937 3915 μυστήριον
1974 3828 2069 3889 τοῦ
2118 3822 2240 3891 θεοῦ
2260 3871 2281 3907 ,
2330 3826 2407 3901 ὥς
2460 3822 2780 3914 ἰυηγγέλισε
2835 3818 2964 3902 τοὺς
3021 3822 3216 3891 ἑαυτοῦ
3271 3817 3490 3903 δούλους
3535 3824 3660 3901 τοῦς
3721 3833 4008 3919 προφήτας
4025 3880 4045 3917 ,
4093 3828 4167 3899 h.
4211 3856 4276 3907 e,
4318 3866 4341 3911 g

812 4030 818 4041 ,
906 3976 953 4017 ι»
1000 3970 1151 4045 quo
1202 3944 1623 4020 Christianis
1668 3966 1815 4040 pet·
1874 3941 2339 4017 Hadrianum
2395 3938 3057 4041 Haerosogymomm
3102 3938 3453 4020 habitatio
3515 3954 3594 4019 et
3651 3942 3832 4023 liber
3879 3949 4036 4025 Dei
4086 3954 4338 4035 cultus

910 4102 953 4143 >2
994 4075 1527 4169 permitteretur
1542 4124 1565 4162 ,
1614 4069 1944 4167 expulsis
1984 4068 2153 4143 inde
2186 4054 2517 4142 omnibus
2551 4066 3010 4143 ,ludaeorum
3064 4066 3408 4167 reliquiis.
3515 4070 4097 4171 Undefutumm
4118 4134 4139 4171 ,
4193 4098 4282 4157 ut
4303 4140 4326 4174 ,

912 4226 957 4267 s
1011 4197 1229 4272 nunes
1266 4198 1459 4272 uara
1504 4196 1815 4271 Judaeis
1852 4196 1959 4269 ad
2002 4195 2197 4269 fuam
2226 4194 2624 4270 Ecclesiam
2655 4190 3154 4269 accedentibus
3176 4247 3198 4285 ,
3234 4206 3416 4290 post
3453 4196 3535 4269 id
3579 4198 3990 4299 Episcopus
4019 4200 4121 4281 ihs·
4145 4182 4356 4284 esset*

920 4348 965 4390 ι
1016 4346 1121 4396 ea:
1160 4320 1547 4412 Gentae'buS,
1536 4346 1557 4368 ·
1598 4334 1673 4396 et
1708 4325 1777 4397 si
1810 4323 1946 4421 qui
1992 4318 2165 4395 alibi
2216 4336 2454 4397 essent
2497 4324 2806 4415 Judaei,
2853 4324 2989 4423 qui
3047 4324 3128 4397 in
3187 4320 3553 4399 Cha-astam
3589 4328 4068 4425 aediderunt,
4119 4334 4327 4431 iifie-

918 4472 961 4512 n
1016 4460 1175 4518 rent
1215 4453 1523 4528 accessio
1559 4450 1995 4527 credentium
2036 4470 2143 4522 ex
2176 4447 2558 4524 Gentibus.
2661 4450 2870 4551 Quae
2901 4451 3094 4524 sicut
3139 4448 3606 4548 summast&
3645 4449 3912 4535 Christi
3941 4458 4034 4533 de
4071 4476 4330 4538 contu-

921 4600 966 4641 »
1020 4568 1343 4645 maa-ibus
1394 4578 1703 4655 Judaee's
1744 4579 2027 4659 victoria
2068 4588 2142 4653 et
2167 4578 2460 4675 piorum
2501 4580 2930 4672 consolatio,
2979 4580 3088 4655 ita
3123 4580 3468 4655 terminus
3509 4590 3622 4655 est
3656 4580 4232 4687 Apocalypseos
4235 4591 4328 4668 de

922 4728 969 4771 a·
1019 4685 1232 4775 rebus
1272 4702 1701 4781 Iudaicisss

811 4814 829 4828 ’
1022 4826 1242 4903 Hunc
1288 4826 1503 4929 igitur
1567 4831 1831 4907 exitum
1888 4844 2103 4936 caput
2136 4832 2272 4909 XI.
2318 4834 2786 4939 persequitur.
2883 4834 3044 4931 Quo
3091 4830 3406 4935 primum
3465 4830 3868 4912 referuntur
3917 4835 4062 4914 fata
4129 4838 4324 4917 urbis

4265 4978 4338 5039 et
