4825 5834
2397 351 2790 430 Ι..-.30-.’...-

2347 719 2354 730 ’
2480 699 2559 800 ·.§
2650 699 2724 775 3.-

2197 935 2575 1014 Eechomia·
2617 887 2991 1016 sententia.
3080 992 3089 1017 ,

1011 1167 1316 1242 Herderi
1366 1166 2012 1270 interpretationem
2067 1171 2310 1250 multis
2359 1173 2757 1279 placuisse,
2806 1200 3017 1278 supra
3084 1172 3281 1267 dixi-3
3331 1186 3406 1250 at
3456 1173 3665 1274 longe
3708 1169 4031 1278 pluribus
4064 1199 4145 1250 ea
4177 1202 4291 1250 ra-

809 1383 826 1396 ·
899 1293 1002 1366 tio
1041 1321 1144 1368 se
1163 1294 1728 1390 commendavit,
1782 1302 1980 1400 cujus
2019 1297 2329 1378 breviter
2377 1298 2474 1378 ob
2490 1300 2743 1384 oculos
2774 1299 3148 1402 ponendae
3185 1299 3678 1407 perdifficilem
3717 1327 3883 1376 sane
3928 1300 4293 1405 provinc&

897 1446 1012 1494 am
1052 1447 1242 1494 nunc
1285 1421 1725 1522 suscipimus.
1827 1427 1956 1501 Uti
1999 1425 2191 1498 enim
2219 1449 2360 1527 pro
2398 1450 2483 1501 eo
2510 1475 2540 1518 ,
2572 1452 2714 1528 quo
2756 1426 3113 1527 praeditus
3158 1439 3347 1519 erat,
3397 1427 3681 1528 ingenio
3727 1407 4285 1504 artificiosissime

892 1545 1316 1620 Eichornius
1361 1545 1676 1638 studuit„
1728 1561 1810 1623 ut
1849 1550 2214 1624 artificiose
2261 1549 2633 1628 conditum
2674 1577 2824 1626 esse
2874 1555 3097 1655 Apoc.
3160 1536 3421 1628 librum
3474 1552 3809 1654 probaret
3829 1578 3854 1629 ε
3903 1551 4000 1626 ita
4034 1551 4283 1654 dispu-

887 1675 1062 1746 tatio
1103 1680 1250 1772 ejus
1286 1686 1439 1748 tam
1469 1697 1718 1774 presse
1756 1674 2081 1770 cohaeret
2120 1675 2538 1778 plerumque
2560 1717 2586 1758 ‚
2642 1691 2758 1771 ut,
2834 1679 2957 1780 qui
3016 1680 3255 1780 paucis
3288 1654 3479 1764 illam
3518 1684 3881 1756 contrahat
3902 1736 3923 1771 ,
3972 1679 4041 1752 ei
4086 1669 4281 1779 peri-

869 1798 1126 1873 culum
1164 1799 1256 1870 sit
1274 1852 1296 1889 ,
1319 1804 1438 1870 'ne
1475 1797 1732 1898 parum
1773 1798 2241 1898 intelligatur3
2291 1804 2420 1902 qui
2461 1827 2626 1882 vero
2669 1803 3029 1881 enucleate
3076 1805 3281 1882 vellet
3320 1805 3591 1906 singula
3630 1803 3964 1908 expedire
3990 1862 4035 1908 ,⁴
4062 1807 4129 1879 ei
4170 1805 4279 1878 in-

881 1936 1074 2022 tegra
1115 1924 1413 2006 aucturis
1451 1923 1666 1998 verba
1695 1925 2077 1998 sexcenties
2124 1939 2356 2000 essent
2387 1928 2872 2007 describenda.
2918 2023 2929 2041 ἱ
2972 1933 3211 2028 Quare
3246 1907 3587 2034 lectorem
3637 1957 3807 2032 rogo
3827 1986 3850 2024 ,
3905 1943 3983 2004 ut
4006 1987 4026 2026 ‚
4074 1933 4136 2006 si
4177 1930 4279 2004 al-

872 2045 1105 2122 terum
1141 2046 1475 2130 acciderit
1499 2104 1518 2141 ,
1563 2049 1901 2151 quoniam
1942 2049 2139 2125 alteri
2170 2050 2364 2152 locus
2405 2051 2561 2131 dari
2596 2080 2747 2136 non
2792 2055 2947 2128 nisi.
2965 2081 3249 2158 perraro
3289 2059 3601 2157 potuerit
3619 2113 3639 2148 ,
3688 2059 3922 2160 ipsum
3962 2049 4273 2132 celebra·
4352 2139 4355 2144 ,

880 2173 1130 2248 tissimi
1182 2173 1317 2256 viri
1365 2177 1950 2266 commentarium
2009 2175 2212 2251 adeat
2230 2232 2250 2270 ,
2300 2189 2376 2251 et
2422 2175 2681 2256 leviter.»
2726 2164 3083 2278 degustata
3110 2177 3311 2254 ‚inde
3375 2181 3768 2282 perdiscat3
3819 2206 3967 2255 .nec
3996 2238 4015 2273 ,
4064 2173 4272 2283 puto,

877 2304 1030 2401 ejus
1074 2289 1176 2372 rei
1205 2299 1842 2399 poenitebit31icet
1873 2303 2065 2377 enim
2102 2301 2396 2378 ridicule
2428 2306 2647 2403 magis
2686 2331 2907 2409 quam
2951 2330 3119 2381 vere
3158 2304 3248 2379 de
3296 2306 3621 2386 univers&
3660 2307 3889 2414 operis
3922 2301 4270 2385 sententia

873 2449 1036 2498 eum
1068 2426 1558 2526 pronuntiasse
1621 2429 2014 2503 existimem
2032 2483 2053 2518 ,
2107 2426 2449 2530 plurimas
2494 2443 2731 2508 tamen
2768 2429 3141 2534 particulas
3192 2443 3359 2506 tam·
3390 2430 3743 2550 eleganter
3787 2445 3860 2506 et
3910 2445 4108 2566 acute
4152 2456 4272 2506 ex-

869 2559 1170 2662 plicuit,
1223 2573 1306 2634 ut
1348 2559 1540 2637 inter
1575 2559 1876 2661 optimos
1915 2558 2334 2660 interpretes
2370 2558 2623 2634 merito
2665 2583 2747 2633 ac
2781 2562 2933 2670 jure
2982 2569 3505 2670 annumeretur.

962 2689 1484 2784 Statuitigitur,
1538 2700 1896 2758 auctorem
1961 2685 2128 2758 libri
2163 2710 2307 2757 esse
2359 2685 2793 2758 Johannem
2818 2680 3281 2782 Apostolum,
3329 2685 3373 2755 ὲ
3394 2708 3614 2786 qun,
3666 2679 4071 2780 expugnatis
4119 2685 4261 2780 jam

860 2811 1363 2911 Hierosolymis
1385 2865 1404 2900 ,
1452 2809 1890 2910 Vespasiano
1951 2808 2372 2908 imperante,
2450 2807 2889 2912 conscript-us
2964 2806 3181 2880 fuerit
3248 2805 3341 2904 (J
3370 2813 3423 2907 )·.
3538 2802 3757 2878 Unde
3777 2859 3823 2894 ,.
3850 2831 4019 2883 cum
4072 2807 4259 2878 ultro

857 2937 1148 3040 quidem
1188 2935 1540 3036 augureris
1560 2992 1579 3026 ‚
1617 2957 1788 3007 eum
1827 2935 1907 3008 in
1949 2933 2082 3009 alia
2125 2932 2340 3036 plane
2377 2957 2461 3032 re
2480 2990 2501 3026 ,
2548 2953 2763 3036 quem
2786 2933 2879 3005 .in
2922 2929 3111 3031 illius
3155 2929 3347 3006 urbis
3394 2912 3691 3005 interitu
3735 2929 4247 3030 praedicendo„

859 3077 1350 3162 argumentum
1416 3059 1706 3152 versari,
1759 3057 2112 3134 censuisse
2135 3085 2160 3135 ε
2232 3056 2485 3132 dubito
2534 3071 2771 3132 tamen
2796 3113 2817 3150 ,
2882 3084 2969 3129 an
3034 3058 3267 3156 ipsam
3325 3059 3478 3160 ejus
3551 3054 3960 3154 opinionem
4040 3077 4258 3157 aeque

854 3189 1044 3265 facili
1114 3169 1518 3291 conjectura
1575 3199 1814 3259 mente
1879 3183 2260 3282 anticipare
2320 3182 2565 3282 possis.
2664 3181 3020 3264 Nimirum
3090 3183 3227 3258 hoc
3291 3180 3506 3282 fuisse
3554 3185 3817 3275 poetae
3884 3181 4254 3255 consilium

849 3317 1075 3414 coegit
1089 3373 1110 3406 ,
1158 3331 1240 3389 ut
1273 3315 1651 3410 'religionis
1721 3308 2165 3383 Christianae
2217 3305 2667 3404 triumphum
2690 3362 2710 3399 ,
2752 3309 2845 3384 de
2906 3306 3231 3386 Judaisa
3290 3319 3363 3381 et
3396 3305 3510 3406 ‚de
3549 3301 3863 3400 Echaia-d
3928 3308 4258 3406 religione

848 3439 1240 3538 aliquando
1279 3435 1835 3534 reportandum,
1886 3435 2317 3536 composite,
2367 3447 2609 3508 ornate
2656 3446 2731 3507 et
2778 3433 3145 3534 splendide
3188 3434 3375 3513 velut
3414 3458 3568 3532 rem
3620 3449 3877 3528 gestam
3914 3436 3991 3508 in
4044 3435 4254 3508 scena

852 3563 1234 3638 exhiheret.
1329 3561 1538 3656 Quod
1581 3561 1934 3663 quomodo
1991 3560 2229 3636 huic
2208 3587 2286 3634 m
2331 3560 2649 3634 animum
2692 3558 3071 3650 inciderit,
3119 3570 3195 3638 et
3238 3583 3451 3661 quare
3491 3558 3623 3652 sic,
3680 3559 3785 3634 uti
3826 3560 4241 3662 perfecerit,

850 3663 1361 3790 perficiendum
1419 3685 1557 3760 sibi
1594 3690 2090 3788 proposuerit,
2165 3683 2258 3760 ab
2323 3687 2483 3786 ipso
2546 3683 2931 3762 Eichornio
2986 3686 3283 3827 accipe3
3352 3689 3553 3786 cujus
3621 3684 3951 3786 cogitata
3992 3686 4249 3760 haecce

845 3817 1168 3889 frustra
1149 3843 1226 3888 m
1269 3813 1770 3914 compendium
1822 3811 2142 3912 redigere
2193 3825 2485 3887 conatus
2526 3838 2861 3888 sum.»
2891 3810 3102 3904 Quod
3155 3811 3231 3886 in
3289 3811 3605 3887 visorum
3660 3811 4247 3924 descriptionibus

850 3941 1276 4040 antiquiores
1323 3939 1718 4056 Prophetae
1767 3939 2170 4041 legebantur
2239 3941 2320 4012 in
2355 3953 2549 4034 statu
2594 3941 2954 4022 ecstatioo
2980 3940 3099 4024 iu
3106 3937 3409 4033 coelum
3435 3936 3715 4046 abrepti
3740 3962 3875 4016 :res
3916 3940 4201 4046 futuras
4198 3993 4241 4041 ,

848 4081 1010 4140 ante
1066 4079 1395 4138 eventum
1437 4065 1526 4137 ad
1571 4080 1804 4138 actum
1862 4079 2214 4141 revocatas
2239 4078 2322 4138 et
2355 4079 2911 4168 repraesentatas
2940 4121 2961 4157 ,
3014 4066 3159 4144 suis
3210 4062 3427 4138 oculis
3489 4063 3799 4170 objectas
3846 4063 4242 4166 conspexis-

815 4171 822 4177 ⁷
857 4217 980 4288 se,
1031 4191 1112 4266 id
1149 4189 1362 4265 hanc
1375 4189 1519 4264 vim
1557 4173 1806 4265 habsiit
1841 4207 1918 4265 et
1979 4193 2357 4285 effectum,
2385 4205 2495 4265 ut
2534 4217 2627 4266 ex
2675 4215 2763 4266 eo
2812 4187 3289 4288 colligeretur,
3336 4189 3588 4269 nihil
3566 4216 3643 4268 m
3687 4189 3857 4278 orbe
3901 4203 4244 4292 terrarum

843 4319 1126 4391 evenire
1187 4331 1258 4392 et
1311 4321 1775 4415 contingere,
1826 4317 2019 4421 quod
2074 4343 2224 4391 non
2279 4332 2479 4391 antea
2528 4341 2759 4391 coram
2824 4318 2979 4393 Deo.
3000 4315 3489 4418 melitumque
3518 4343 3861 4415 ,consessu
3918 4315 3995 4422 in
4042 4309 4238 4404 thea-

854 4455 966 4516 tro
1045 4442 1325 4517 coelesti
1381 4457 1980 4544 repraesentatum
2057 4445 2265 4516 fuerit
2352 4458 2425 4517 et
2482 4409 2945 4544 spectandum
3014 4439 3311 4517 datum:
3380 4442 3519 4543 qua
3564 4443 3715 4543 ipsa
3760 4435 4232 4543 persuasione

851 4595 1145 4669 campus
1204 4581 1480 4667 apertus
1527 4583 1664 4664 est,
1715 4573 1791 4644 in
1839 4594 2052 4672 quem
2103 4577 2470 4670 poetarum
2516 4569 2875 4668 ingenium
2912 4579 2985 4640 et
3047 4565 3619 4642 comminiscendi
3665 4567 3946 4643 libertas
3992 4592 4238 4666 evaga-

857 4707 1054 4768 retur
1124 4707 1194 4767 et
1252 4708 1651 4770 excurreret
1715 4723 1926 4798 quam
1981 4693 2336 4769 latissime.
2437 4695 2651 4768 Enim
2720 4717 2887 4771 vero
2959 4717 3125 4769 cum
3177 4689 3686 4795 antiquioribus
3760 4693 4241 4768 Hebraeorum

4074 4841 4245 4918 poe·-
