4825 5834
2356 452 2707 531 «ῖ-’Β-ιι

838 656 1124 765 juveni,
1192 644 1317 765 qui
1353 658 1715 740 ‘criticum
1778 659 1943 761 agit.
2046 653 2231 737 Cum
2286 662 2480 737 enim
2549 663 2704 765 ipse
2740 656 2921 735 libet·
2947 714 2974 759 ,
3043 656 3138 735 ab
3169 658 3458 737 interitu
3503 646 3865 761 eerntus3
3901 668 4114 747 alter}
4152 673 4248 751 in·

836 791 981 863 hac
1020 790 1229 865 causa
1281 783 1685 890 adjumento
1730 788 1867 881 sit,
1916 788 2155 863 statim
2201 788 2295 865 ad
2355 793 2748 869 secundum
2819 806 3036 895 caput
3099 794 3348 870 transii
3375 849 3397 885 ,
3455 821 3594 896 quo
3621 851 3643 889 ,
3697 823 3793 873 an
3849 812 3921 874 et
3971 802 4092 879 hic
4125 805 4239 879 ei-

840 916 1014 991 dem
1074 915 1222 991 viro
1266 941 1341 989 se
1388 912 1740 1014 adjudicet
1765 969 1785 1004 ‚
1838 914 2258 1015 inquirerem
2286 972 2307 1007 ,
2379 931 2452 990 et
2496 930 2900 1015 argumenta
2941 913 3466 1020 ponderat-em„
3501 946 3680 1025 quae
3727 935 3816 997 e'x
3855 924 4038 999 illius
4104 931 4246 1001 for-

850 1044 967 1117 ma
1012 1056 1221 1144 atque
1278 1038 1529 1113 habitu
1596 1036 1684 1111 ab
1756 1038 1905 1113 aliis
1952 1038 2164 1114 alium
2212 1028 2303 1113 ad
2354 1043 2570 1119 finem
2630 1046 2852 1145 petita
2907 1060 3097 1123 sunt.
3196 1047 3268 1121 N
3269 1070 3350 1121 ec
3415 1052 3637 1149 magis
3660 1107 3681 1143 ,
3731 1051 3945 1127 credo
3965 1110 3986 1147 ,
4038 1068 4236 1157 patet

842 1194 1147 1271 usquam
1215 1164 1462 1270 judicii
1543 1164 1729 1239 inter
1779 1162 2098 1240 homines
2121 1224 2141 1260 ‚
2191 1166 2337 1241 imo
2402 1169 2588 1243 inter
2646 1168 2884 1245 doctos
2911 1228 2932 1264 ,
2981 1170 3412 1249 discrimem
3461 1173 3586 1250 ubi
3656 1176 3776 1252 hic
3827 1182 4246 1255 convenien-

856 1296 1032 1369 tiam
1072 1291 1300 1365 cernit
1342 1304 1415 1363 et
1468 1290 1764 1363 amicam
1796 1294 2401 1395 ,conspirationem
2425 1352 2444 1387 ,
2493 1294 2758 1371 ibidem
2785 1296 2900 1371 ille
2947 1296 3156 1371 talem
3199 1298 3779 1401 discrepantiam,
3831 1304 4019 1405 quali
4063 1308 4280 1383 inter·

843 1419 1084 1493 -lucem
1134 1430 1210 1491 et
1269 1412 1593 1489 tenebras
1626 1414 1778 1489 ‘fere
1830 1422 2061 1523 major
2116 1440 2265 1492 esse
2326 1432 2674 1521 nequeat3
2728 1422 2920 1523 quod
2962 1422 3040 1495 in
3080 1404 3345 1497 honere
3411 1422 3624 1499 habet
3663 1428 3838 1501 alter
3861 1485 3882 1521 ,
3929 1430 4106 1506 alter
4148 1433 4254 1507 ri·-

852 1546 962 1619 sui
1008 1543 1341 1647 exponit,
1393 1556 1466 1639 et
1522 1540 1597 1616 in
1650 1540 2041 1645 priscorum
2090 1560 2503 1621 annumerat
2557 1548 2808 1649 nugis;
2859 1558 3090 1622 totum
3155 1546 3273 1623 hic
3314 1530 3574 1623 librum
3608 1549 3930 1627 laudibus
3969 1554 4048 1629 in
4095 1580 4265 1631 coe·-

842 1670 998 1745 lum
1054 1668 1308 1761 effert,
1360 1681 1435 1741 et
1495 1668 1835 1743 sermonis
1906 1694 2195 1745 succum
2252 1673 2493 1747 nescio
2549 1698 2642 1747 an
2707 1675 3164 1773 gravitatem,
3211 1676 3474 1777 poetici
3537 1676 3828 1753 fervoris
3879 1706 3974 1753 an
4025 1680 4270 1759 divini.

856 1798 1143 1899 spiritus
1196 1793 1635 1868 nobilitatem
1659 1850 1677 1885 ‚
1724 1794 1944 1892 magis
1988 1794 2345 1889 celebrat3
2398 1796 2516 1871 ille
2564 1798 2853 1873 sordide'
2893 1799 3272 1873 infincatam
3326 1800 3498 1875 dicit
3543 1816 3616 1875 et
3665 1801 4041 1877 absurdam
4097 1830 4256 1881 ora-

860 1928 1162 2017 tionem,
1217 1934 1607 1995 structurae
1648 1908 2023 2021 plusquam
2062 1924 2393 1996 rusticam
2429 1920 2689 2023 ubique
2739 1922 3050 1999 ostendit
3095 1925 3564 2026 imperitiam,
3629 1952 3868 2003 rerum
3927 1929 4135 2003 simul
4181 1943 4254 2005 et

860 2050 1238 2125 verborum
1282 2048 1559 2123 deridet
1608 2046 2073 2148 asperitatem.
2172 2050 2405 2149 Atque
2463 2046 2716 2122 duram
2761 2049 2950 2124 hanc
2995 2053 3419 2127 sententiam
3443 2108 3463 2143 ‚
3505 2052 3694 2138 licet,
3741 2078 3830 2125 ex
3873 2068 4072 2152 parte
4115 2060 4256 2156 jam

856 2178 1011 2275 Caii
1072 2174 1417 2265 Romani,
1488 2172 1813 2272 Dionysii
1878 2170 2335 2245 Alexandrini
2393 2184 2469 2245 et
2531 2171 2938 2247 immortalis
2997 2173 3298 2251 Lutheri
3358 2175 3566 2249 fuerit
3611 2175 3752 2276 (a)
3775 2234 3794 2267 ,
3845 2180 4260 2277 praesertim

846 2316 1095 2375 tamen
1132 2304 1173 2373 ὲ
1226 2298 1535 2373 Semlero
1580 2302 1873 2402 ejusque
1918 2298 2319 2400 aequalibus
2353 2296 2574 2371 latam
2623 2322 2772 2372 esse
2811 2300 3127 2401 comperi
3149 2356 3172 2392 ,
3210 2324 3345 2375 nec
3391 2302 3632 2402 paucis
3675 2302 3922 2377 fultam
3961 2308 4264 2383 rationi-¹

855 2426 987 2501 bus
1012 2484 1033 2518 ‚
1080 2452 1253 2529 quas
1320 2452 1569 2525 magna
1640 2420 1932 2525 quidem
1996 2422 2170 2499 mihi
2221 2424 2355 2497 fuit
2419 2424 2768 2526 suspicio,
2835 2448 2979 2498 non
3065 2423 3232 2499 satis
3281 2440 3604 2501 accurate
3665 2431 3706 2501 a
3740 2430 4270 2507 recentioribus

846 2579 1009 2629 -esse
1052 2553 1467 2657 propositas.
1566 2550 1819 2624 Denuo
1876 2548 2085 2646 igitur
2150 2548 2347 2622 omni
2408 2572 2542 2649 ope
2590 2560 2805 2648 utque
2881 2552 3095 2650 opera
3161 2552 3403 2625 enixus
3462 2576 3655 2644 sum,
3705 2566 3790 2625 ut
3853 2552 4110 2631 horum
4179 2556 4266 2631 li-

712 2702 725 2709 ·
858 2678 1078 2753 bellos
1130 2694 1601 2780 compararem
1630 2734 1649 2769 ,
1698 2688 1907 2775 atque
1964 2672 2253 2747 tandem
2306 2698 2521 2747 coeco
2579 2674 2884 2774 quodam
2927 2698 3102 2747 ὀεοιι
3169 2672 3312 2749 duo
3359 2674 3654 2752 semler-i
3699 2678 3956 2780 scripta
3999 2682 4076 2755 in
4119 2709 4264 2760 ma-

860 2830 996 2879 nus
1044 2803 1486 2894 inciderunt,
1536 2826 1621 2873 ex
1668 2824 1968 2901 quorum
2014 2799 2309 2871 lectione
2350 2800 2515 2871 satis
2563 2798 2920 2897 apparuit,
2965 2822 3092 2871 -me
3127 2804 3532 2901 conjectura
3580 2828 3826 2878 verum
3865 2820 4262 2885 assecutum

859 2957 1034 3008 esse.
1128 2930 1261 3005 Uti
1330 2929 1525 3001 enim
1588 2924 1811 2999 multo
1868 2923 2116 3031 melius
2172 2936 2331 2996 tum
2390 2924 2619 3015 sensi,
2673 2936 3014 3025 quamum
3053 2926 3138 2998 in
3198 2925 3382 3000 illius
3447 2926 3922 3029 disputatione
3989 2932 4258 3009 roboris

860 3071 931 3131 et
989 3081 1372 3133 nervorum
1414 3066 1593 3127 esset
1616 3111 1636 3145 ‚
1685 3052 1783 3127 ita
1832 3051 1968 3125 hoc
2030 3048 2353 3149 inprimis
2406 3046 2778 3123 utilitatem
2831 3049 3108 3140 attulit,
3155 3050 3348 3152 quod
3413 3052 3680 3127 fontem
3715 3054 3954 3155 ipsum
3999 3056 4262 3159 depre-

858 3184 1169 3257 hendere
1228 3182 1505 3259 viderer
1524 3236 1543 3269 ,
1596 3204 1682 3251 ex
1724 3198 1865 3278 quo
1912 3175 2139 3247 omnis
2182 3173 2313 3244 ista
2346 3172 2452 3245 ira
2503 3186 2574 3247 et
2617 3173 3004 3274 pervicacia
3051 3179 3460 3253 manaverit.
3557 3180 3840 3280 Quippe
3891 3180 4260 3277 senuero,

860 3311 980 3413 qui
1042 3310 1117 3383 in
1174 3308 1367 3382 Sacri
1434 3304 1711 3379 Codicis
1764 3298 2295 3375 universitatem
2344 3299 2528 3375 nihil
2587 3296 3104 3374 admittendum
3163 3326 3312 3375 esse
3359 3304 3600 3377 statuit
3618 3362 3649 3398 ‚
3709 3306 3844 3378 nisi
3913 3308 4110 3409 quod
4159 3307 4262 3390 ad

858 3438 1141 3507 niorum
1183 3431 1483 3505 maxime
1546 3425 2115 3501 emendationem
2175 3450 2301 3499 suo
2372 3450 2449 3499 se
2497 3424 3018 3501 commendaret
3077 3427 3306 3525 pretio
3333 3482 3352 3517 ,
3407 3430 3642 3503 omnia
3692 3432 3912 3530 magis
3979 3433 4264 3513 fuerunt

869 3556 1247 3632 tolerabilia
1287 3612 1306 3647 ‚
1343 3568 1569 3655 quam
1630 3552 2011 3628 obscuritas
2078 3564 2150 3624 et
2203 3578 2438 3626 merae
2471 3550 2836 3627 tenebrae.
2941 3554 3136 3645 Quae
3195 3550 3586 3635 criminatio
3637 3580 3806 3629 cum
3855 3557 3930 3630 in
3986 3558 4262 3635 nullum

872 3709 1091 3788 seque
1138 3681 1454 3770 caderet,
1522 3694 1732 3781 atque
1790 3680 1865 3751 in
1906 3676 2417 3778 Apocalypseos
2455 3676 2715 3751 librum
2741 3734 2760 3766 ‚
2809 3702 3024 3779 quem
3083 3676 3352 3751 scilicet
3395 3702 3624 3781 neque
3669 3679 3822 3781 ipse
3873 3683 4014 3758 ullo
4058 3700 4264 3788 pacto

876 3810 1341 3909 intelligeret,
1389 3830 1621 3909 neque
1679 3802 1769 3879 ab
1824 3802 2215 3906 aequalium
2278 3828 2424 3877 uno
2491 3802 2822 3901 intelligi,
2875 3805 3014 3903 qu&
3077 3816 3228 3877 erat
3275 3804 3574 3877 sanitate
3601 3859 3620 3895 ‚
3681 3810 4010 3882 sentiret:
4063 3812 4264 3887 facile

870 3961 957 4013 eo
998 3936 1323 4037 delapsus
1362 3946 1465 4005 est
1483 3990 1502 4022 ‚
1555 3944 1633 4004 ut
1674 3932 1749 4004 in
1788 3928 1923 4003 hac
1966 3952 2245 4030 quoque
2282 3926 2488 4001 causa
2537 3927 2802 4025 ingenii
2863 3954 3076 4029 quam
3115 3927 3676 4003 excellentissimi
3711 3931 3974 4007 viribus
4025 3934 4266 4019 abuteq

874 4074 1068 4137 retur
1091 4120 1108 4153 ,
1165 4073 1237 4133 et
1264 4056 1815 4163 praejudicatam
1853 4080 2051 4129 suam
2102 4054 2514 4155 opinionem
2569 4052 2828 4127 mirum
2869 4068 3212 4155 quadum
3251 4054 3614 4133 stabiliret.
3715 4060 4034 4135 Primum
4081 4063 4264 4135 mul-

872 4203 943 4260 ta
1002 4188 1241 4265 invehi
1310 4188 1389 4260 in
1464 4186 1697 4284 ipsum
1753 4204 1968 4282 opus;
2014 4206 2167 4253 non
2218 4176 2309 4252 ab
2364 4176 2690 4252 Iohanne
2731 4190 3004 4250 tantum
3047 4178 3221 4251 illud
3255 4178 3722 4279 abjudicare,
3767 4184 3898 4257 sed
3935 4184 4026 4259 ab
4077 4192 4262 4288 Apo-

878 4312 1209 4386 stolorum
1256 4330 1729 4413 quocunque3
1804 4306 1927 4406 qui
1994 4330 2195 4380 secus
2246 4317 2538 4380 censeat
2557 4361 2576 4397 ,
2627 4327 2790 4377 eum
2855 4316 2974 4376 aut
3015 4305 3320 4378 insanire
3344 4360 3362 4395 ‚
3407 4320 3529 4380 am.
3591 4308 3679 4383 de
3725 4308 4065 4383 industria
4111 4337 4262 4409 gra.

874 4434 1151 4509 vissima
1189 4438 1364 4512 haec
1397 4436 1692 4510 nomina
1732 4430 2084 4535 polluere;
2128 4428 2337 4505 verba
2370 4433 2565 4507 enim
2591 4452 2941 4531 vocesque
2981 4430 3321 4504 contineri
3363 4428 3622 4533 absque
3662 4435 4000 4509 sententia
4017 4494 4034 4527 ,
4087 4436 4264 4525 ima-3

883 4564 1125 4662 ginum
1164 4574 1467 4635 monstra
1498 4618 1517 4655 ,
1567 4558 1866 4635 ridicula
1925 4580 2163 4631 rerum
2198 4569 2526 4657 portenta
2551 4613 2572 4647 ‚
2621 4556 3014 4631 doctrinam
3057 4554 3448 4656 improbam
3487 4570 3560 4630 et
3605 4556 3815 4657 p'lane
3855 4558 4264 4653 seelestam,

884 4668 1447 4762 vaticinationem
1479 4742 1499 4769 ,
1542 4687 1607 4758 si
1662 4684 1815 4757 Diis
1876 4680 2107 4784 placet
2126 4662 2161 4774 ,⁰
2222 4691 2401 4783 qua'e
2463 4700 2826 4783 nunquam
2869 4682 3134 4755 exitum
3205 4678 3569 4775 habuerit3
3619 4708 3762 4757 uno
3811 4682 4030 4761 verbo
4045 4740 4065 4777 ,
4113 4710 4260 4761 non

866 4786 1107 4917 ⁵pluris
1150 4808 1401 4902 hunc,
1462 4829 1677 4909 quam
1739 4822 2065 4908 quartum
2126 4808 2342 4883 Eme
2371 4863 2392 4900 ,
2453 4818 2537 4879 ut
2595 4812 2828 4909 ajunt,
2879 4806 3145 4884 librum
3201 4804 3598 4905 faciendum
3647 4833 3837 4901 esse,
3907 4808 4000 4884 ad
4061 4815 4266 4907 culus

4047 4935 4264 5009 etiam
