4825 5834
2484 402 2820 479 ...2-

964 610 1545 713 superciliumque
1590 612 1873 687 domem
1897 662 1935 707 ,
1974 627 2051 686 et
2098 638 2341 687 causae
2400 640 2598 689 meae
2645 614 2933 715 gratiam
2995 610 3408 707 conciliem,
3462 614 3590 689 vel'
3631 614 4002 719 splendida
4031 678 4050 713 ‚
4125 636 4207 701 ut
4269 629 4362 702 fit

958 738 1034 812 in
1080 739 1227 813 foro
1251 796 1271 831 ,
1320 737 1860 839 pollicitatione,
1910 738 2019 813 nil
2062 738 2181 813 hic
2218 763 2461 812 eorum
2487 796 2510 832 ,
2555 766 2732 841 quae
2781 754 3104 817 metuunt
3126 764 3162 834 ;‚
3195 768 3376 845 quae
3431 755 3714 844 sperant
3738 799 3757 835 ‚
3804 748 4038 820 omnia
4069 766 4348 851 praesto

950 865 1149 958 esse?
1247 866 1542 947 Minime
1611 890 1822 941 vero:
1872 864 1981 939 uti
2046 866 2237 939 enim
2292 879 2667 966 utrumque
2709 890 2878 937 non.
2911 869 2954 939 a
3010 869 3170 940 mea
3193 923 3211 957 ,
3258 879 3506 967 utpote
3554 892 3728 969 quae
3780 869 3974 945 nulla
4019 886 4130 948 est
4147 929 4168 967 ,
4219 875 4362 950 sed.

946 992 1003 1067 ὲ».
1034 987 1400 1064 literarum
1446 994 1773 1091 gravitate
1816 990 2129 1065 alienum
2166 1016 2468 1082 censeo,
2513 1003 2592 1065 et
2637 988 2938 1065 alterum
2989 1006 3346 1093 praeterea
3395 1004 3630 1065 tantae
3671 994 3850 1068 foret
3888 997 4296 1073 insolentiae
4322 1058 4346 1091 ,

946 1129 1027 1189 ut
1082 1116 1302 1191 solam
1340 1122 1491 1217 ejus
1530 1118 2027 1215 cogitationem
2078 1110 2220 1219 jam
2257 1118 2491 1218 pudor
2529 1130 2990 1219 consequatur
3016 1146 3038 1189 ι
3085 1118 3184 1193 ita
3201 1172 3220 1211 ,
3271 1144 3411 1221 quo
3453 1119 3742 1193 tandem
3805 1147 4082 1223 cunque
4131 1126 4368 1199 modo.

942 1267 1093 1314 rem
1140 1242 1581 1317 instituerem
1609 1300 1627 1333 ‚
1676 1243 1924 1317 surdis
1952 1267 2122 1317 sane
2168 1242 2456 1316 auribus
2497 1256 2897 1337 cantarem;
2949 1266 3031 1315 ea
3070 1245 3260 1319 enim
3322 1257 3429 1321 est
3481 1244 3766 1319 illorum
3817 1246 4146 1345 judicum
4209 1251 4346 1325 ini-.-

939 1368 1163 1469 quites
1188 1424 1209 1458 ,
1256 1382 1337 1439 ut
1375 1367 1571 1441 nuda
1612 1368 2017 1467 suspicione
2062 1366 2377 1460 inducti,
2427 1394 2628 1443 reum
2687 1370 2914 1469 capite
2966 1366 3346 1462 damnent,
3395 1374 3590 1443 omni
3642 1373 4026 1449 interclusa
4067 1400 4366 1450 causam·

936 1490 1218 1568 dicendi
1282 1492 1635 1572 facultate.
1733 1496 1965 1587 Quare
1984 1550 2003 1585 ‚
2056 1496 2118 1568 si
2178 1493 2367 1571 nihil
2421 1492 2621 1571 aliud
2687 1495 2870 1570 mihi
2931 1494 3291 1569 videretur
3339 1496 3928 1570 extimescendum
3948 1554 3976 1589 ‚
4045 1502 4186 1574 nisi
4249 1527 4366 1575 ne*

930 1632 1125 1691 tanta
1166 1620 1257 1693 sit
1306 1620 1537 1694 futura
1578 1618 2071 1721 plerorumque
2120 1619 2598 1721 praejudicata
2653 1620 2932 1720 opinio,
2989 1632 3072 1693 ut
3115 1618 3444 1695 libellum
3507 1620 3698 1693 hunc
3745 1621 4088 1698 intactum
4135 1627 4346 1702 relin-

932 1757 1150 1849 quant
1170 1799 1189 1835 ,
1257 1744 1497 1819 brevis
1537 1770 1687 1819 esse
1746 1745 1825 1817 in
1881 1747 2179 1818 introitu
2230 1772 2510 1847 possem
2527 1800 2548 1837 ,
2610 1759 2684 1818 et
2737 1745 2972 1819 statim
3006 1744 3100 1819 ad
3159 1770 3310 1819 rem
3365 1746 3595 1845 ipsam
3654 1751 3979 1829 transire.
4079 1753 4176 1826 At
4222 1778 4340 1830 ve·

928 1893 1087 1961 reor
1111 1925 1130 1959 ,
1184 1894 1316 1960 ne,
1362 1872 1423 1967 si
1480 1872 1603 1971 qui
1648 1870 1799 1971 sint·
1820 1924 1861 1959 „
1893 1870 2033 1970 qui
2065 1894 2230 1979 eum
2282 1868 2515 1969 legere
2562 1870 3086 1971 aggrediantur,
3137 1868 3216 1943 hi
3267 1894 3541 1973 quoque
3597 1872 3937 1947 accedant
4004 1875 4214 1953 inviti
4265 1895 4342 1955 et

920 1994 1455 2093 tergiversantes
1477 2018 1514 2085 ;,
1548 2020 1694 2068 non
1766 1992 1939 2099 adeo
1961 2051 1980 2087 ‚
2032 1992 2223 2097 quod
2276 1976 2766 2094 argumentum
2817 1984 3056 2095 ipsum
3125 1994 3492 2095 displiceat
3511 2022 3531 2092 ;
3580 1997 3718 2072 hnc
3769 2000 3966 2073 anim
4017 2000 4349 2077 modera-

919 2122 1097 2194 tiore
1147 2121 1284 2195 viri
1320 2118 1695 2221 prudentia
1748 2118 2047 2220 dignum
2074 2179 2093 2215 ‚
2144 2122 2289 2195 imo
2324 2120 2814 2219 dignissimum
2857 2119 3040 2191 forte
3097 2118 3450 2219 putabunt
3472 2178 3493 2213 ‚
3563 2123 3644 2195 in
3713 2146 3856 2223 quo
3897 2126 4139 2199 nostra
4211 2129 4339 2203 ad-

872 2306 881 2317 .
916 2244 1061 2321 h'uc
1104 2259 1339 2319 aetate.
1366 2244 1808 2340 elaboretur3
1860 2246 2003 2327 sed
2045 2244 2237 2349 quod
2294 2244 2664 2349 displiceat
2735 2244 3040 2320 auctoris
3082 2244 3354 2322 levitas.
3453 2246 3595 2321 Pro
3641 2248 3834 2320 Deus
3877 2248 4302 2332 Immortalis
4319 2254 4358 2327 ἒξ

919 2374 1253 2475 'quantam
1305 2372 1425 2446 hic
1452 2431 1472 2465 ‚
1520 2376 1717 2475 ajunt
1749 2430 1769 2463 ,
1817 2386 2083 2447 temere
2122 2374 2429 2474 suscepit
2471 2372 2732 2446 molem
2751 2371 2788 2443 !‘
2870 2372 3014 2465 Qui
3065 2372 3316 2474 primis
3361 2370 3578 2446 labris
3613 2371 3978 2449 literarum
4025 2376 4338 2454 elemen-

924 2514 997 2573 ta
1045 2502 1428 2601 gustaverit
1453 2557 1472 2591 ‚
1522 2498 1715 2573 hunc
1757 2498 1848 2572 de
1889 2498 2288 2601 quaestione
2327 2497 2692 2577 audiemus
2731 2492 3197 2613 disserentem
3223 2551 3246 2589 ,
3299 2499 3416 2571 eui
3464 2498 3912 2573 sustinendae
3959 2502 4074 2577 vix
4123 2504 4336 2583 Criti-

918 2628 1162 2699 'oorum
1204 2625 1471 2699 lumina
1508 2638 1584 2697 et
1627 2623 2021 2726 coryphaei„⁸
2044 2650 2249 2726 pares
2294 2638 2461 2698 sunt
2478 2624 2522 2696 ἓ·
2605 2623 2790 2699 Sane
2844 2635 2964 2697 aut
2995 2623 3184 2697 vires
3225 2622 3360 2697 iste
3391 2647 3546 2697 suas
3569 2676 3590 2714 ‚
3639 2636 3762 2696 aut
3801 2627 4068 2727 campi,
4119 2654 4352 2731 quem,

920 2750 1212 2825 intravit
1228 2807 1269 2839 ,,
1320 2746 1867 2851 amplitudinem
1931 2774 2079 2821 non
2146 2747 2572 2848 exploravit!
2675 2748 2892 2817 Recte
2943 2747 3078 2836 sic,
3149 2772 3192 2819 o
3229 2744 3402 2817 boni
3419 2746 3458 2815 2²·
3484 2747 3895 2847 priusquam
3957 2775 4122 2851 ergo
4174 2758 4354 2857 ῑΡει,ἢ

914 2876 1303 2976 ‘rogaverim
1324 2930 1342 2964 ,
1394 2879 1539 2972 jam
1592 2872 1980 2971 occupastis
2024 2868 2117 2945 de
2178 2896 2259 2945 eo
2284 2926 2307 2963 ‚
2354 2870 2546 2971 quod
2603 2894 2904 2973 aequum
2957 2870 3051 2943 sit
3073 2926 3092 2961 ,
3139 2857 3367 2968 legem
3423 2869 3778 2965 scribere3
3835 2874 4092 2975 quibus
4135 2885 4352 2959 enim.

915 3002 1093 3093 adeo
1155 3001 1249 3074 de
1306 3002 1419 3077 rei'-
1461 2996 1872 3073 difficultate
1928 3022 2337 3099 persuasum
2404 3008 2508 3070 est
2532 3052 2553 3086 ‚
2604 2992 2896 3068 eosdem
2945 2993 3114 3070 huic
3179 2992 3584 3069 facilitatem
3655 3022 3853 3071 suam
3921 3020 4371 3113 aequaturum¹

914 3154 1064 3203 esse
1089 3186 1107 3219 ‚
1156 3153 1304 3201 non
1354 3124 1627 3199 dubito.
1726 3124 1876 3220 Age
1935 3125 2211 3223 itaque,
2262 3146 2357 3194 ne
2412 3118 2765 3193 seniorem
2819 3142 2981 3209 me,
3034 3144 3247 3219 quam
3308 3146 3440 3221 pro
3498 3135 3722 3195 aetate
3771 3126 3928 3198 mea
3952 3183 3971 3217 ‚
4021 3128 4328 3233 disputa-

912 3260 1182 3333 tionem
1245 3254 1512 3353 poscite
1542 3304 1561 3340 ,
1610 3260 1687 3322 et
1742 3249 1821 3323 si
1851 3246 2025 3348 quid
2088 3246 2281 3324 boni,
2312 3258 2592 3346 praeter
2629 3268 2842 3344 spem
2915 3246 3358 3338 inveneritis,
3403 3242 3562 3323 hoc.
3591 3245 3787 3322 laudi
3831 3252 3965 3345 sit;
4015 3256 4128 3329 sin
4177 3260 4348 3340 mi·-

910 3378 1049 3457 'nus
1070 3437 1090 3471 ,
1138 3377 1328 3480 quod
1386 3373 1763 3451 vetuerim„
1870 3372 2139 3448 Verum
2225 3398 2319 3447 ne
2403 3370 2541 3446 hoc
2613 3384 2820 3471 pacto
2881 3368 3180 3471 quidem
3239 3396 3411 3443 cum
3471 3370 3679 3446 bona.
3724 3400 3898 3474 pace
3977 3378 4326 3463 dimittor,

902 3490 1190 3581 'Bellum
1218 3557 1239 3594 ,
1294 3506 1497 3606 ajunt
1516 3557 1534 3592 ,
1560 3497 1837 3599 quaeris
1872 3498 2250 3598 effugium;
2296 3495 2425 3571 sed
2461 3497 2702 3593 frange
2738 3496 2832 3574 sis
2855 3494 3310 3571 accusationis
3353 3511 3606 3599 caput:
3661 3498 3794 3569 hoc
3827 3504 4022 3578 enim
4061 3506 4190 3582 tibi
4215 3514 4330 3586 vi..

911 3634 1013 3708 tio
1038 3628 1373 3709 vertimus
1394 3650 1597 3716 „non
1624 3622 1817 3723 quod
1846 3638 2195 3699 errantem
2237 3638 2309 3697 te
2340 3681 2358 3715 ‚
2386 3636 2646 3723 tuoque
2676 3610 3251 3695 succumbentem
3286 3620 3485 3695 oneri
3518 3616 3915 3700 videbimus
3938 3654 3958 3721 ;
3983 3623 4107 3707 sed
4125 3635 4326 3737 quod

898 3755 1196 3834 ‘errandi
1254 3752 1692 3828 occasionem
1729 3751 2041 3851 petivisti
2081 3750 2171 3823 de
2232 3734 2580 3826 industria
2608 3804 2628 3838 ,
2681 3763 2753 3821 et
2789 3745 3046 3847 cupide
3089 3745 3166 3819 in
3209 3758 3488 3853 tantum
3537 3745 3862 3824 involasti
3897 3758 4314 3853 periculum,

916 3882 1111 3977 Quid
1170 3880 1417 3954 enim?
1512 3874 1805 3955 Adeone
1864 3874 2059 3951 illam
2085 3932 2117 3966 „
2174 3877 2248 3949 in
2314 3880 2472 3976 qua,
2519 3872 2830 3953 studium
2894 3874 3188 3975 posuisti
3216 3929 3243 3964 ,
3296 3870 3762 3973 ὢεοίΡΙίιιεω,
3816 3882 3964 3981 jam
4026 3886 4342 3983 penita-2⁸,

912 4012 1291 4113 perfectam
1340 4029 1501 4079 esse
1560 4002 2081 4104 absolutamque
2148 4001 2513 4093 censuisti,
2563 4012 2644 4076 ut
2689 3997 2888 4076 nulla
2937 3997 3068 4072 tibi
3120 4012 3555 4099 superesset,
3611 3997 3704 4071 de
3733 4006 3890 4101 qua
3957 4030 4312 4085 commen.

906 4138 1153 4214 tareris
1188 4191 1206 4228 ,
1236 4134 1377 4209 nisi
1426 4130 1743 4208 abstrusa
1780 4129 1955 4205 baec
2008 4142 2080 4201 et
2115 4154 2337 4231 paene
2382 4127 2744 4229 desperata
2793 4126 3106 4223 quaestio
3138 4122 3170 4193 ?
3235 4126 3550 4199 Desinite
3581 4183 3599 4218 ,
3650 4152 3773 4201 oro
3796 4185 3816 4219 ‚
3871 4130 4084 4206 talem
4125 4136 4328 4210 mihi.

896 4263 1241 4364 'affingere
1294 4237 1663 4335 stultitiam
1683 4311 1725 4345 ,,
1753 4254 1903 4356 qu&
1947 4266 2225 4331 tantum
2274 4253 2472 4331 abest
2502 4309 2522 4345 ,
2571 4264 2666 4329 ut.
2705 4251 2786 4325 in
2843 4249 3002 4321 hae-
3035 4250 3258 4327 causa,
3295 4252 3685 4351 opprimar,
3737 4267 3815 4327 ut
3867 4258 4100 4355 potius
4141 4274 4332 4337 ante·

898 4388 1047 4461 ‘hos
1084 4388 1369 4463 demum
1396 4383 1900 4487 quinquaginta
1936 4404 2154 4452 annos
2194 4392 2352 4452 nata
2400 4404 2551 4453 esse
2571 4392 2734 4472 ,aut
2751 4402 2842 4451 ex
2871 4376 3168 4477 juvenili
3203 4392 3394 4452 certe
3435 4394 3666 4455 aetate·
3685 4382 4054 4457 excessisse
4099 4384 4316 4463 disci*

913 4515 1111 4621 plina
1144 4527 1377 4611 nostra
1418 4512 1759 4593 videatur.
1854 4506 2124 4581 Verum
2160 4509 2388 4579 sentio
2406 4563 2426 4597 ‚
2479 4534 2643 4579 cum
2679 4508 2832 4608 ipse
2869 4503 3087 4577 fassus
3129 4504 3264 4577 sim
3282 4561 3302 4596 ‚
3354 4506 3712 4605 ingentem
3753 4504 3982 4581 adhuc
4020 4524 4310 4609 praesto

888 4645 1063 4717 ‘esse
1095 4639 1413 4721 materiei
1456 4638 1729 4737 copiam
1752 4692 1773 4727 ‚
1827 4660 1913 4708 ex
1956 4636 2157 4733 cujus
2202 4630 2670 4733 amplitudine
2711 4657 2928 4706 unam
2983 4628 3292 4730 aliquam
3343 4632 3724 4732 potuissem
3771 4632 4086 4707 delibare
4135 4661 4300 4738 par-

910 4766 1197 4849 ticulam
1225 4820 1243 4857 ,
1292 4760 1541 4845 rudem
1581 4760 1871 4867 quidem
1907 4756 2478 4867 inconditamque
2501 4814 2521 4853 ,
2568 4756 2694 4834 sed
2730 4758 2952 4838 multo
2999 4754 3260 4835 viribus
3305 4759 3483 4835 meis
3529 4756 3969 4863 aequiorem3
4021 4766 4248 4837 sentio
4267 4816 4290 4853 ,
