4825 5834
2099 394 2444 483 2-7-5

556 602 796 677 *itiam
864 598 1219 699 exemplar
1272 622 1419 675 non
1476 591 1719 697 palmis
1758 592 1844 675 ‚in
1884 588 2063 667 locis
2126 594 2430 693 turpiter
2466 616 2834 693 expressus
2867 590 2992 673 sit.»
3087 588 3204 671 Sic
3245 612 3430 697 sane·
3463 583 3741 673 abunde
3780 582 3975 659 adul-

568 732 897 807 «setinum
954 749 1123 799 eum
1174 750 1325 801 esse
1350 780 1373 816 ,
1421 722 1771 824 conspici3
1825 720 2153 822 quocirca
2182 776 2203 813 ,
2254 719 2315 795 si
2360 744 2446 791 ex
2481 718 2767 797 historia
2807 731 3116 820 pateret,
3158 745 3319 793 eum
3354 717 3584 818 primo
3629 712 3980 811 religionis

568 853 1017 929 Christianae
1072 865 1391 951 tempore
1460 854 1603 949 jam
1658 846 1998 935 adfuisse,
2050 872 2249 923 secus
2294 843 2618 919 concludi
2666 869 2810 923 non
2835 844 3086 947 posse,
3139 845 3315 945 quin
3350 855 3471 915 aut
3506 846 3548 915 a
3589 838 3928 914 Cerintho
3954 894 3984 929 2

564 992 711 1055 ‘aut
740 977 830 1054 ab
882 1004 1033 1053 uno
1094 976 1323 1079 aliquo
1376 974 1559 1051 illius
1606 972 1925 1047 auditore
1960 973 2315 1047 confectus
2355 972 2491 1060 sit,
2539 983 2615 1045 et
2655 964 2841 1045 falso
2866 974 3149 1045 nomine
3174 948 3628 1048 'sanctissimo
3663 964 3814 1043 viro
3857 961 3984 1037 tri·

556 1105 845 1200 .butus;
894 1102 1098 1179 initio
1148 1100 1437 1204 quidem
1478 1098 1659 1174 clam
1684 1154 1707 1190 ,
1756 1124 1849 1176 ne
1881 1098 2068 1171 fraus
2104 1098 2548 1201 detegeretur
2573 1154 2594 1191 ,
2643 1125 2779 1173 nec
2823 1099 2961 1173 nisi
3025 1103 3546 1199 conjuratorum
3585 1092 3802 1169 oculis
3855 1118 3980 1167 ex-

553 1236 847 1337 positus
890 1255 915 1324 3
990 1254 1205 1333 quam
1265 1228 1585 1328 primum
1638 1246 1805 1307 vero
1848 1223 2217 1324 Apostolus
2295 1222 2387 1297 de
2463 1226 2608 1299 vita
2684 1224 3130 1311 decessisset.
3192 1225 3274 1299 in
3331 1222 3711 1299 remotiore
3763 1218 3972 1321 paulo

554 1363 767 1437 —tm-ra
825 1356 1111 1461 publice
1174 1351 1521 1426 exhibitus
1544 1407 1569 1442 ,
1616 1349 1795 1423 hino·
1848 1348 2031 1443 ultra
2098 1349 2502 1451 deportatus
2522 1408 2544 1442 ,
2608 1364 2682 1424 et·
2740 1350 3004 1453 ubique
3059 1352 3205 1425 fere
3256 1348 3563 1425 studiose
3603 1359 3931 1447 acceptus
3954 1402 3976 1435 ‚

582 1484 757 1561 adeo
781 1542 801 1576 ,
850 1496 935 1556 ut
978 1504 1155 1581 quae
1200 1502 1367 1553 mox
1404 1480 1451 1549 a.
1486 1474 2059 1578 prudentioribus
2096 1477 2560 1556 controversia
2600 1491 2792 1583 mota
2839 1479 2972 1571 sit,
3027 1477 3371 1585 impedire
3417 1502 3564 1551 non
3625 1466 3933 1575 potuerit
3958 1528 3978 1560 ,

550 1608 945 1714 quominus
966 1605 1057 1681 ab
1080 1604 1363 1681 indocta
1414 1599 1865 1677 multitudine
1898 1600 1991 1675 ad
2026 1600 2219 1677 hunc
2272 1626 2496 1705 usque
2529 1601 2724 1680 diem
2765 1604 2841 1677 in
2893 1628 3172 1683 summo
3212 1605 3480 1679 honore
3527 1603 3618 1675 sit
3663 1599 3972 1677 habitus.

544 1734 787 1829 Quod
832 1746 1071 1816 tamen
1118 1742 1207 1803 ut·
1234 1730 1383 1830 ipse
1414 1731 1650 1802 animo
1702 1726 2064 1803 effinxerat
2090 1786 2111 1817 ,
2162 1754 2323 1803 cum
2364 1726 2688 1805 difficiles
2727 1728 2988 1805 habere
3033 1729 3412 1831 explicatus
3447 1727 3778 1821 sentiret,
3830 1752 3965 1801 nec

546 1886 830 1964 ·parum
861 1856 1185 1959 inprimis
1242 1868 1509 1929 tantam
1560 1851 1726 1926 libri
1784 1854 2271 1955 antiquitatem
2312 1852 2664 1953 opinionis
2717 1878 2881 1928 suae
2917 1854 3392 1959 probabilitati
3439 1852 3720 1933 officere
3745 1911 3764 1947 ,
3820 1854 3967 1957 ipse

546 2012 651 2061 ..ae
710 1984 801 2059 ad
860 1980 1363 2083 explorandam
1408 1979 1769 2053 historiam
1802 1980 2133 2073 contulit3
2186 1983 2384 2081 cujus
2432 1979 2726 2079 quidem
2759 1980 3050 2085 ‘indicia
3096 1993 3374 2055 tantum
3419 1980 3836 2074 abfuerunt,
3885 1994 3968 2053 ut

427 2188 433 2193 ,
544 2108 893 2187 -intimam
932 2105 1117 2183 ill-ius
1162 2104 1378 2180 anim-i
1411 2104 1941 2203 persuasionem-
1985 2102 2560 2181 labefactaverint
2581 2162 2600 2195 ‚
2658 2118 2739 2179 ut
2787 2132 2981 2180 nune
3041 2105 3333 2182 denmm
3389 2106 3826 2209 triumphare
3883 2109 3961 2180 in

554 2260 821 2315 ,causae
858 2257 1024 2311 suae
1072 2229 1213 2309 fide
1248 2230 1559 2330 coeperit
1585 2256 1611 2308 z
1658 2228 1857 2331 loqui
1912 2230 2103 2305 enim
2132 2286 2155 2325 ,
2200 2256 2503 2332 quorum
2544 2228 2882 2323 effatum3
2929 2232 3136 2317 silere
3163 2290 3184 2324 ‚
3249 2257 3552 2335 quorum
3619 2232 3978 2306 silentium

540 2388 775 2469 ·grave
817 2360 961 2455 sit-2
1008 2357 1297 2438 omnino
1334 2354 1515 2429 nihil
1554 2353 1829 2436 obstare
1849 2410 1869 2445 ,
1922 2356 2095 2456 quin
2151 2354 2369 2429 altero
2406 2370 2570 2458 post
2615 2357 2694 2430 C.
2735 2357 2832 2431 N.
2883 2356 3158 2435 saeculo
3223 2355 3408 2432 liber
3468 2356 3562 2429 sit
3617 2357 3963 2459 scriptus;

540 2506 805 2596 ‘patene
833 2545 856 2581 ,
904 2512 1068 2561 eum
1108 2487 1149 2554 a
1188 2482 1613 2563 Montanistff
1658 2480 1890 2579 aliquo
1924 2481 2035 2557 vel
2061 2483 2138 2555 in
2179 2482 2339 2558 Asia
2376 2484 2620 2559 fictum
2663 2495 2738 2557 et
2780 2480 2955 2557 hinc
3017 2484 3096 2559 in
3155 2484 3455 2559 Galliam
3495 2481 3923 2562 translatum
3945 2540 3972 2575 ,

540 2616 683 2695 ,vel
712 2616 793 2689 in
831 2612 983 2713 ipsa
1026 2604 1257 2681 Gallia
1294 2608 1473 2681 forte
1516 2603 1608 2679 ab
1642 2606 1933 2681 Irenaeo
1976 2619 2100 2679 aut
2134 2604 2273 2679 alio
2314 2606 2630 2708 ejusdem
2672 2621 2877 2683 notae
2921 2608 3070 2683 viro
3103 2610 3592 2711 suppositum;
3639 2602 3982 2709 magnam

570 2754 762 2820 certe
818 2732 1299 2836 suspicionem
1358 2754 1549 2822 esse,
1600 2730 1977 2805 Irenaeum
2022 2730 2235 2804 istum
2255 2785 2275 2822 ,
2329 2756 2466 2806 neo
2510 2730 2744 2803 minus
2784 2732 3146 2811 Sustinum
3199 2746 3274 2807 et
3319 2733 3830 2809 Tertullianum
3891 2734 3976 2807 in·

538 2871 882 2969 ineptam
942 2859 1127 2933 hane
1188 2855 1535 2956 staudem'
1558 2856 1989 2957 conspirasse.
2042 2882 2205 2933 cum
2264 2857 2516 2959 primis
2564 2856 2964 2933 auctoribus
2985 2913 3011 2951 ,
3053 2869 3126 2933 et
3161 2856 3290 2934 sua
3317 2858 3626 2931 nominis
3661 2856 3960 2933 celebri-

538 3009 711 3071 -tate
752 2989 899 3065 aliis
946 2982 1270 3063 facillime
1332 2981 1577 3057 fucum
1627 2981 1872 3057 fecisse
1901 3006 1933 3073 ;.
1976 2981 2115 3079 nisi
2170 2984 2405 3087 potius
2465 2982 2854 3079 existimes,
2927 2984 3115 3091 ipsos
3139 3039 3159 3074 ,
3207 2996 3290 3058 ut
3353 2997 3590 3059 essent
3636 2984 3959 3059 minutis·

556 3122 739 3197 aimo
787 3111 1069 3212 ingenio
1111 3106 1452 3209 foedoque
1496 3106 2085 3181 Montanistarum
2146 3128 2387 3177 errore
2439 3103 2711 3197 infecti,
2757 3108 3014 3187 misere
3067 3132 3142 3179 se
3185 3107 3420 3209 decipi
3457 3132 3699 3209 passos
3753 3134 3908 3183 esse
3929 3166 3950 3202 ,

558 3262 637 3325 et
698 3242 897 3319 avide
956 3234 1133 3314 illud
1178 3232 1595 3335 arripuisse,
1660 3228 1853 3333 quod
1924 3229 2189 3309 mirum
2250 3230 2336 3305 in
2390 3229 2694 3305 modum
2761 3233 2784 3305 i
2788 3256 3078 3333 psoram
3152 3234 3422 3309 somnia
3482 3235 3950 3315 confirmaret.

557 3371 749 3467 Quin
792 3363 1073 3441 tertiam
1131 3382 1407 3461 quoque
1454 3359 1643 3434 viam
1692 3380 2055 3459 superesse
2074 3412 2093 3449 ,
2142 3382 2335 3459 quae
2392 3356 2782 3467 exitumne·
2817 3354 3111 3439 haberet
3136 3412 3156 3447 ,
3223 3381 3373 3430 non
3422 3359 3590 3431 satis
3654 3342 3946 3459 quidem

530 3496 797 3573 ‚adhuc
832 3516 907 3567 se
948 3484 1345 3589 explorasse
1391 3483 1651 3578 fatetur
1670 3538 1693 3576 ‚
1740 3496 1813 3557 at
1858 3484 1995 3586 qua
2036 3494 2272 3557 tamen
2314 3495 2469 3555 tuto
2509 3480 2744 3555 incedi
2769 3506 2973 3586 posse
3002 3538 3021 3574 ,
3065 3484 3214 3581 jam
3265 3481 3475 3559 certis
3523 3482 3948 3583 quibusdam

554 3618 859 3720 auguriis
892 3638 1095 3689 mens
1126 3636 1255 3685 sua
1292 3609 1825 3713 praesagiverit:
1880 3608 2182 3699 scilicet,
2231 3620 2315 3683 ut
2360 3605 2826 3711 antiquissimi
2871 3606 2970 3682 illi
3007 3663 3026 3699 ,
3082 3605 3172 3680 de
3207 3606 3466 3709 quibus
3507 3606 3720 3681 modo
3759 3608 3945 3701 dixi,

554 3744 931 3845 scriptores
976 3735 1385 3838 neutiquam
1416 3736 1491 3809 in
1534 3735 1743 3838 culpa
1788 3760 1937 3809 esse
1978 3744 2355 3837 putentur,
2402 3730 2534 3807 sed
2571 3730 2822 3808 eadem
2855 3731 2932 3813 in
2979 3732 3108 3807 hos
3137 3787 3156 3824 ‚
3208 3759 3392 3835 quae
3433 3734 3510 3806 in
3546 3734 3944 3809 Johannem

558 3872 825 3971 ipsum,
876 3862 1132 3963 injuria
1176 3859 1368 3935 illata
1418 3861 1767 3937 videatur:
1820 3886 2053 3964 quam.
2068 3859 2385 3965 proxime
2441 3859 2636 3932 enim
2685 3862 2726 3933 a
2769 3856 3263 3964 probabilitate
3327 3858 3566 3933 abesse
3600 3916 3620 3952 ‚
3669 3859 3944 3937 Irenaei

532 4006 751 4077 ,certe
774 4048 794 4081 ,
846 3987 1037 4097 quod
1079 3986 1298 4059 fertur
1324 4042 1344 4077 ‚
1400 4010 1625 4084 opus,
1674 3994 1809 4083 πρὸς
1870 3994 1975 4071 τὰς
2034 3996 2275 4079 αἱρέσεις
2326 3983 2746 4093 inscriptum
2765 4039 2784 4075 ‚
2841 3997 2962 4065 aut
2999 4008 3209 4061 omne
3255 3984 3597 4058 inferioris
3643 4009 3793 4059 esse
3821 4008 3950 4057 ae·-

528 4120 761 4207 .2‘atis,
808 4126 929 4188 aut
970 4108 1267 4213 turpiter
1298 4106 1743 4186 multifariam
1780 4108 2296 4211 interpolatum.
2350 4206 2359 4215 ο
2395 4109 2507 4185 Ne
2560 4108 2764 4214 plura
2793 4158 2818 4195 .
2871 4122 3066 4191 tanta
3117 4110 3251 4183 fuit
3302 4110 3597 4183 Semleri
3641 4110 3945 4183 concita·

558 4249 705 4337 tio,
756 4254 839 4321 ut
869 4240 947 4311 in
986 4236 1359 4311 novissima
1420 4260 1737 4339 quaeque
1791 4248 1863 4310 et
1925 4235 2237 4316 inaudita
2284 4232 2612 4315 maluerit
2669 4235 2902 4345 abire,
2953 4262 3170 4347 quam
3209 4235 3591 4312 absurdum
3629 4234 3764 4313 hoe
3783 4287 3810 4327 ‚
3861 4248 3945 4351 ut

526 4365 909 4478 2judioabat
926 4414 951 4452 ,
1000 4362 1343 4463 scriptum
1362 4408 1387 4455 2
1436 4359 1767 4471 Apostolo
1821 4360 2133 4444 tribuere
2178 4360 2336 4465 (b).

522 4548 543 4557 -
644 4494 745 4569 Et
774 4515 939 4569 sane
979 4486 1182 4581 haeo,
1210 4510 1393 4592 quae
1422 4486 1612 4567 nuda
1644 4486 1763 4564 bic
1802 4485 2153 4578 exhibita,
2190 4489 2316 4564 sua
2334 4510 2420 4560 se
2460 4486 2730 4598 ineptia
2774 4428 3126 4563 destruere
3162 4482 3531 4578 videntur,
3586 4497 3731 4559 tam
3779 4496 3944 4559 sunt

526 4633 757 4695 -noute
811 4629 885 4691 et
922 4612 1276 4714 ingeniose
1310 4612 1697 4715 disputata,
1748 4627 1831 4687 ut
1870 4612 2103 4695 nullus
2142 4613 2409 4707 mirer,
2453 4615 2662 4701 fuisse.
2715 4638 2926 4721 quam
2979 4614 3358 4730 plurimos,
3407 4614 3528 4713 qui
3567 4614 3774 4729 plane
3815 4612 3944 4686 ad·

524 4745 795 4825 ⁴sentiri
834 4768 980 4825 nou
1028 4740 1465 4833 dubitarent.
1556 4740 1889 4838 Quini-mo
1920 4796 1951 4841 ,
1991 4766 2159 4823 nam
2214 4738 2434 4827 libero
2485 4742 2768 4847 eloquar
2791 4794 2825 4837 ,
2864 4765 2984 4831 me
3023 4766 3341 4847 quoque,
3390 4742 3514 4850 qui
3555 4740 3630 4813 in
3673 4766 3806 4813 eon
3815 4752 3946 4808 tra

3759 4860 3938 4939 riam
