4825 5834
2134 439 2461 514 ...0-

2446 563 2487 648 Ι

499 742 510 760 .
579 653 698 730 cui
740 649 1049 748 denique
1089 647 1316 738 nosti,
1367 642 1455 740 ad
1496 645 1680 720 hanc
1723 645 2266 748 disputationem
2302 645 2883 722 conscribendam
2928 649 3362 749 peculiarem·
3396 648 3709 724 Voorstii
3766 669 3979 748 opem

569 792 646 850 et
687 776 955 878 privata
1005 773 1310 874 patuisse
1371 769 1681 848 consilia.
1781 771 1962 846 Sane
2011 797 2222 870 quam
2277 774 2502 845 sentio
2524 828 2546 866 ,
2598 787 2669 846 te
2714 769 3169 848 multifariam
3228 760 3784 890 desideraturtim
3836 799 3987 847 esse

571 897 1023 1004 prudentiam
1067 898 1257 972 illam
1297 897 1762 998 scientiaeque
1808 895 2199 970 ubertatem
2231 952 2252 986 ‚
2301 921 2516 994 quam
2553 893 2631 968 in
2682 895 2818 970 hoc
2872 917 3030 972 meo
3072 897 3140 970 N
3144 913 3408 995 estore;
3456 930 3751 978 acumen
3806 903 3979 977 illud

569 1039 640 1098 et
687 1023 938 1098 subtile
985 1022 1362 1127 judicium,
1409 1021 1608 1122 quod·
1651 1023 1726 1094 in
1779 1020 2148 1112 Clarissio;
2199 1019 2609 1118 elegantiam
2665 1036 2875 1123 atque
2913 1021 3373 1118 modestiam,
3424 1055 3636 1129 quam
3682 1033 3762 1104 in
3814 1029 3979 1102 Pal.

564 1150 760 1243 mio;
815 1149 946 1222 alia
966 1207 986 1241 ,
1036 1175 1212 1250 quae
1254 1151 1334 1222 in
1379 1147 1532 1220 aliis
1579 1147 1952 1250 conspicua
1977 1202 1997 1237 ,
2043 1155 2168 1219 me'
2204 1158 2392 1218 certe
2450 1170 2605 1220 non
2662 1146 2837 1220 adeo
2884 1148 3363 1246 neglecturum
3409 1154 3617 1228 fuisse
3658 1153 3981 1254 sperave·

562 1275 686 1347 ris.
784 1271 886 1344 Et
929 1271 1198 1372 procul=
1220 1269 1464 1344 absum
1493 1327 1512 1363 ,
1562 1285 1641 1344 ut
1678 1272 1968 1347 ,infirma
2003 1271 2445 1345 excusatione
2504 1294 2736 1346 meam
2770 1271 2923 1373 ipse
2984 1272 3265 1374 culpam
3321 1278 3401 1349 in
3447 1278 3815 1352 clariorem
3871 1279 3975 1353 lu·

523 1425 721 1490 ,cem
769 1398 1161 1498 proferam:
1212 1400 1430 1468 fateor
1469 1421 1624 1470 eam
1673 1407 1746 1467 et
1789 1397 2121 1504 profiteor
2161 1396 2388 1489 ultro;
2442 1421 2577 1471 nec
2631 1413 2866 1470 tamen
2922 1411 3029 1468 est
3051 1454 3069 1488 ,
3120 1413 3198 1472 ut
3242 1401 3420 1472 iram
3464 1415 3657 1474 tuam
3698 1417 3817 1477 aut
3860 1406 3974 1478 in-

565 1523 1040 1623 dignationem
1097 1521 1572 1621 praesagiam3
1643 1546 1806 1594 cum
1852 1521 2046 1594 enim
2093 1520 2181 1594 de
2247 1515 2573 1594 omnibus
2597 1576 2617 1611 ,
2683 1504 2887 1620 quae·
2925 1525 2967 1592 a
3022 1522 3164 1600 filio
3208 1525 3521 1626 profecta
3585 1541 3751 1600 sunt
3772 1584 3791 1616 ,
3845 1527 3971 1601 be·

562 1650 841 1750 nignius
909 1671 1188 1748 semper
1250 1647 1561 1746 judicare
1627 1647 1970 1721 volueris:
2028 1662 2182 1721 tum
2243 1644 2478 1720 nullus
2536 1645 2781 1719 dubito
2809 1702 2829 1737 ,
2881 1648 3057 1746 quin
3108 1647 3245 1722 hoc
3290 1649 3467 1721 exile
3512 1650 3782 1724 donum
3825 1680 3971 1726 non

555 1781 939 1876 rejecturus
960 1831 980 1865 ,
1029 1772 1158 1848 sed
1219 1771 1413 1848 velut
1467 1773 1914 1873 praeclarum·
1961 1773 2135 1871 quid
2199 1775 2421 1847 laetus
2496 1787 2705 1872 atque
2769 1771 3021 1844 lubens
3080 1788 3494 1874 accepturus
3542 1777 3658 1851 sis.
3756 1777 3971 1851 Unde

556 1897 720 1970 nolo
743 1954 764 1988 ‚
813 1911 1014 1998 pater
1039 1955 1058 1989 ‚
1107 1901 1148 1970 a
1201 1910 1271 1968 te
1329 1895 1634 1994 flagitare
1689 1897 2178 1970 clementiam:
2229 1922 2509 1972 severus
2568 1907 2717 1968 esto
2748 1898 3135 1970 :severitas
3194 1899 3407 1970 etiam
3452 1913 3573 1973 tua
3625 1900 3802 1972 lenis
3866 1916 3971 1974 est

559 2035 633 2095 et
668 2020 894 2094 dulcis
940 2035 1013 2092 et
1055 2019 1395 2098 amabilis.
1459 2023 1534 2096 Si
1575 2046 1740 2129 γει-9
1781 2023 2148 2158 οριιιῖἰβοζίῐ
2168 2077 2188 2112 ,
2213 2035 2318 2123 23st
2361 2044 2537 2130 quae
2576 2033 2868 2128 etfflunc
2912 2024 3055 2120 jam
3098 2003 3333 2096 hocc'e
3368 2023 3549 2096 libro
3602 2019 3972 2130 continen-
4034 2045 4040 2051 “

551 2157 704 2238 tur,
752 2159 827 2218 et
861 2168 1041 2245 quae
1066 2143 1238 2218 dein
1273 2143 1366 2220 ad
1387 2167 1550 2220 eum
1575 2117 1939 2217 additurus
1951 2139 2124 2216 {uris
2137 2200 2157 2234 ‚
2205 2117 2827 2217 iibsnoffiorimin‘ii
2854 2131 3271 2244 displiceant
3294 2203 3313 2240 ‚
3349 2148 3615 2222 nedum
3654 2165 3735 2222 ut
3772 2127 3960 2222 mul·

553 2286 626 2344 ta
648 2327 669 2363 ,
721 2285 804 2344 ut
825 2270 1124 2372 plurima
1162 2268 1574 2389 comprobes
1603 2327 1622 2361 ,
1675 2283 1934 2370 quanto
1955 2269 2224 2342 facilius
2265 2267 2561 2342 aliorum
2594 2249 3231 2370 reprehensiones,
3286 2271 3580 2346 aliorum
3624 2273 3834 2346 etiam
3858 2329 3877 2366 ,
3906 2276 3967 2346 si

550 2409 826 2498 praeter
867 2419 1069 2499 spem
1111 2365 1554 2487 inciderint:
1603 2393 1982 2468 calumnias
2023 2393 2287 2467 feram!
2340 2392 2485 2498 sint
2517 2396 2706 2468 enim
2746 2395 2880 2468 hae
2915 2420 3195 2493 graves:
3248 2394 3459 2469 modo
3502 2423 3595 2472 ne
3622 2424 3705 2472 ex
3768 2403 3960 2472 omni
4016 2383 4029 2396 ⁰

549 2536 751 2622 parte
783 2527 826 2593 a
872 2536 940 2593 te
972 2528 1196 2621 justae
1233 2521 1674 2630 ..haheqsstuf'j
1715 2520 1860 2625 sint
1905 2519 2198 2632 aqerlpae
2218 2545 2314 2626 *ac
2363 2518 2782 2660 probrosae:
2834 2521 3044 2607 modo
3100 2534 3217 2594 tua
3262 2521 3641 2620 consolatio
3696 2524 3787 2598 ad
3815 2549 3962 2597 me.

551 2675 666 2722 am
727 2599 1256 2722 conscientiam‘
1295 2611 1702 2722 alccedzll.J
1723 2613 2045 2748 Naii‘x‘qffe
2103 2606 2665 2744 'fadilii'Jquffiem‘
2702 2619 2881 2716 ’de'di
2910 2701 2930 2734 ,
2962 2621 3651 2726 ‘ffie‚²‘'multa‘⁰secus
3679 2705 3699 2740 ,
3749 2675 3961 2750 quam

551 2797 763 2847 suave
785 2829 804 2863 ‚
868 2797 1079 2872 quam
1123 2768 1496 2870 pulchrum
1528 2828 1548 2861 ,
1601 2785 1674 2843 et
1715 2783 1929 2872 quam
1984 2769 2316 2844 decorum
2358 2770 2493 2862 sit3
2563 2783 2633 2842 at
2686 2787 2925 2844 sancte
2953 2831 2972 2864 ‚
3044 2787 3115 2846 at
3162 2775 3475 2874 religiose
3525 2791 3741 2852 testor
3766 2837 3785 2868 ,
3840 2807 3953 2852 me

553 2899 734 2975 nihil
783 2924 1027 2988 secus,
1076 2922 1289 2996 quam
1331 2917 1576 2968 verum
1621 2896 1975 2969 videretur
2003 2952 2022 2988 ‚
2049 2895 2427 2994 scripsisse.
2477 2895 2709 2986 Quare
2737 2952 2757 2986 ‚
2810 2921 2983 2992 quos
3033 2898 3313 2973 tandem
3354 2927 3628 3004 cunque
3668 2903 3968 2985 liberior,

548 3051 706 3100 mea
771 3013 965 3099 ratio‘
1011 3019 1422 3110 offenderit,
1497 3021 1776 3110 sciant,
1828 3027 2006 3118 oro,
2082 3019 2193 3091 vel
2264 3021 2495 3118 potius
2557 3002 3013 3122 recordentur
3062 3080 3082 3114 ‚
3152 3027 3451 3100 amicam
3517 3055 3665 3101 esse
3720 3036 3958 3133 juveni

551 3154 896 3228 bonorum
949 3151 1263 3224 omnium
1323 3150 1902 3224 existimationem
1926 3204 1946 3239 ,
1996 3149 2368 3220 veritatem
2415 3145 2633 3242 magis
2689 3147 3014 3223 amicam.
3683 3163 3687 3168 ·

653 3275 794 3349 Sed
835 3275 997 3349 talia
1040 3275 1362 3377 persequi
1392 3329 1414 3367 ,
1464 3297 1692 3376 neque
1737 3271 1949 3371 hujus
2002 3287 2108 3344 est
2149 3271 2328 3365 loci,
2380 3285 2451 3346 et
2472 3275 2511 3346 a
2554 3286 2677 3348 tuo
2698 3327 2717 3361 ‚
2765 3285 2965 3371 pater
3005 3297 3214 3345 sensu
3250 3273 3601 3354 abhorret.
3697 3279 3951 3354 Finem

556 3402 784 3476 facere
826 3401 992 3474 huic
1009 3397 1360 3502 ‘epistolae
1389 3397 1666 3500 potero,
1696 3395 1754 3468 si
1779 3421 1996 3468 unum
2039 3393 2326 3468 adhuc⁸a
2373 3411 2446 3468 te
2470 3397 2739 3499 petiero
2767 3453 2787 3488 ,
2835 3411 2908 3469 et
2943 3423 3169 3470 unum
3214 3399 3347 3475 tibi
3367 3400 3521 3501 ipse
3545 3406 3953 3502 promisero.

551 3525 665 3598 Tu
709 3550 955 3628 perge,
1011 3539 1092 3599 ut
1153 3524 1550 3600 instituisti:
1601 3519 1975 3596 liberaliter
2016 3546 2133 3594 me
2169 3520 2385 3612 habe,
2440 3550 2598 3597 ama
2642 3549 2723 3598 ac
2792 3521 3054 3622 dilige;
3127 3525 3479 3600 erroribus
3539 3529 3713 3603 meis
3761 3532 3955 3630 igno-

556 3675 707 3724 sce:
759 3676 854 3723 ne
884 3651 1226 3750 graviores
1272 3650 1634 3725 admittam
1653 3706 1672 3740 ,
1707 3644 2227 3748 ,sapientissima
2265 3663 2385 3722 tua
2427 3650 2714 3749 imperti
2758 3647 3094 3742 consilia3
3148 3649 3405 3750 quibus
3441 3653 3545 3726 uti
3592 3679 3950 3757 nunquam

550 3801 666 3849 me
717 3775 1028 3874 indigere
1065 3767 1225 3847 'non
1302 3777 1533 3869 sensi,
1583 3775 1678 3849 ita
1715 3802 1904 3848 nunc
1951 3773 2273 3876 inprimis
2289 3774 2532 3847 -sentio
2573 3831 2592 3864 ‚
2644 3797 2807 3846 cum
2859 3776 3149 3874 propius
3212 3774 3391 3849 mihi
3458 3780 3789 3853 accedere
3854 3781 3946 3854 ad

550 3903 1020 3980 venerabilem
1090 3905 1290 3978 illum
1346 3905 1665 3980 ordinem
1722 3905 1969 3982 videor
1984 3965 2002 4000 ,
2053 3912 2246 4005 cujus
2291 3926 2585 3978 munera
2615 3911 2692 3972 tu
2735 3905 2875 3998 jam
2925 3923 3055 3998 per
3118 3924 3240 3974 sex
3294 3914 3369 3974 et
3426 3901 3671 4002 viginti
3730 3931 3947 3978 annos

559 4028 834 4104 coluisti
862 4086 882 4119 ,
931 4043 1004 4102 et
1042 4044 1442 4104 constanter
1507 4045 1924 4132 strenueque
1994 4046 2354 4105 exsecutus
2411 4055 2508 4104 es.
2608 4027 2760 4128 Ego
2800 4049 2961 4101 vero
2990 4080 3009 4116 ,
3056 4049 3204 4098 non
3259 4040 3341 4099 ut
3380 4027 3651 4130 incepi,
3696 4046 3897 4129 pater
3920 4088 3939 4121 ‚

559 4152 686 4227 sed
737 4167 819 4227 ut
853 4179 983 4256 par
1025 4169 1136 4236 ,est
1162 4210 1182 4244 ‚
1237 4167 1304 4226 te
1380 4153 1628 4228 amabo
1657 4211 1676 4242 ,
1723 4167 1799 4228 te
1833 4153 2112 4252 diligam
2137 4209 2159 4246 ,
2207 4153 2340 4228 tibi
2392 4152 2760 4244 obediam3
2835 4149 3134 4226 efficiam
3154 4209 3174 4242 ,
3224 4177 3434 4252 spero
3455 4209 3475 4245 ,
3522 4167 3603 4225 ut
3656 4166 3775 4228 tua
3820 4154 3946 4228 tibi

567 4281 709 4354 vita
744 4303 874 4382 per
914 4305 1144 4353 mores
1207 4279 1331 4354 filii
1396 4277 1776 4381 jucundior
1803 4334 1822 4370 ,
1875 4294 1956 4352 ut
2003 4307 2095 4355 ne
2134 4295 2252 4355 aut
2313 4296 2433 4355 tua
2494 4280 2669 4364 mihi
2726 4291 2844 4352 aut
2887 4303 3043 4352 mea
3076 4304 3261 4352 mors
3307 4280 3403 4354 ob
3445 4280 3692 4378 ingrati
3728 4281 3946 4354 animi

565 4411 1066 4499 conscientiam
1127 4409 1376 4504 acerba
1427 4411 1539 4482 sit.
1596 4452 1693 4466 —
1738 4407 1916 4482 Vale
1943 4466 1963 4500 ‚
2027 4425 2097 4483 et
2153 4410 2412 4486 salvere
2464 4420 2760 4482 matrem
2817 4404 3247 4480 carissimam
3288 4402 3477 4507 jube.
3573 4402 3949 4502 Lugdunu-

572 4533 990 4611 Batavorum
1007 4590 1035 4626 ,
1083 4525 1243 4610 ante
1280 4533 1474 4644 diem
1517 4535 1684 4610 XV.
1733 4535 2093 4611 Kalendas
2147 4533 2521 4628 Quintiles.

2123 4824 2372 4847 ῃ
