4825 5834
2338 459 2451 486 -ε-
2496 419 2742 505 28-

857 627 1196 706 ἰἶίοιιιιῐιιι
1247 637 1392 705 ἑπτὰ
1450 633 1604 733 ἶρη,
1605 639 1612 649 ’
1655 611 1798 707 ἱἰἒτιου
1851 641 1892 716 ἡ
1937 643 2078 730 γυνὴ
2139 643 2379 720 κάθηται
2430 635 2517 708 ἐπ’
2564 635 2797 727 aza-⁸522,
2808 663 2817 696 -·
2868 633 3149 738 septem
3200 637 3677 734 significantur
3742 639 3992 734 colles,
4042 665 4254 742 super

861 757 1118 859 quibus
1158 757 1642 857 Hierosolyma
1685 758 1972 832 filerunt
2017 771 2318 850 structa,
2369 759 2497 835 col.
2516 785 2615 859 ·;9
2668 742 2953 857 Septem
2992 777 3225 837 autem
3264 764 3530 862 Reges,
3578 789 3891 865 quorum
3926 789 4261 865 qumque

853 883 1012 953 itum
1063 881 1492 974 ceciderant,
1539 909 1734 957 unus
1769 881 2016 956 adhuc
2055 896 2258 973 erat,
2303 884 2486 956 alter
2511 883 2713 960 brevi
2727 885 2880 960 erat
2918 901 3317 984 venturus,
3370 903 3539 962 sunt
3575 907 3841 988 septem
3868 890 4259 989 Pontfices

849 1007 1210 1098 maximi,
1260 1013 1396 1108 qui
1438 1010 1504 1083 J
1497 1010 1894 1084 udaeomm
1935 1012 2154 1082 sacris
2185 1008 2680 1126 praefuerunt
2720 1009 2815 1104 ab
2848 1035 2934 1088 eo
2962 1015 3129 1088 mdc
3166 1027 3515 1111 tenpore,
3560 1041 3710 1117 quo
3748 1030 3985 1090 motus
4030 1019 4263 1090 intes-³

855 1135 996 1205 tini
1022 1138 1344 1207 maxime
1415 1137 1656 1208 exoret·
1713 1148 1935 1222 sunt‚·
1979 1133 2076 1217 ab
2115 1129 2326 1207 initio'
2361 1129 2599 1232 'igitur
2614 1137 2889 1231 imPerii
2920 1138 3225 1212 Neronis
3266 1141 3371 1214 acl
3402 1139 3689 1218 obsessa
3728 1162 3965 1239 usque
4011 1139 4261 1214 Hiero·

861 1259 1132 1356 solyma
1152 1289 1182 1349 ;
1233 1261 1545 1362 quinque
1585 1259 1736 1343 illi-3
1805 1260 1930 1360 qui
1951 1303 1977 1340 ‚
2045 1283 2266 1358 quum
2333 1257 2455 1330 hic
2497 1247 2680 1332 liber
2722 1260 3087 1354 ederetur,
3134 1267 3279 1363 jam
3307 1266 3491 1340 caesi
3532 1277 3778 1360 erant,
3828 1276 3997 1338 sunt
4030 1265 4261 1338 Jona-

857 1383 1038 1457 chan
1061 1442 1080 1476 ,
1133 1387 1430 1476 Ismae‘l,
1481 1384 1891 1482 stephus,
1925 1371 2250 1458 ‘Ananus
2291 1383 2549 1456 Anam·
2562 1383 2786 1470 filius
2808 1438 2853 1476 ,.
2900 1399 2975 1458 et
3011 1389 3283 1478 Jews-,-
3328 1403 3563 1466 sextus
3604 1391 3763 1482 ille,
3815 1391 3945 1494 qui
3976 1387 4257 1466 vivebat

858 1509 1137 1603 adhuc,
1193 1516 1416 1587 Jesus
1441 1568 1460 1601 ,
1519 1509 1925 1588 Gamalffliis
1959 1507 2171 1606 filius
2201 1566 2219 1600 ,
2271 1509 2392 1608 qui
2448 1532 2637 1580 anno
2680 1524 2839 1620 post
2886 1510 2967 1584 G.
3017 1512 3113 1587 N.
3172 1514 3420 1590 LXIII
3460 1517 3547 1590 e&
3586 1513 3924 1614 dignitate
3974 1527 4263 1586 ornatus

853 1650 990 1729 aet3
1042 1663 1182 1737 quo
1234 1637 1446 1735 igitur
1507 1647 1630 1709 aut
1692 1631 2086 1736 insequenti
2148 1659 2334 1707 anno
2376 1645 2617 1732 patet,
2666 1632 2809 1728 hoe
2862 1660 3039 1736 opus
3088 1637 3482 1738 prodiisse·
3584 1639 3937 1740 Septimus
4002 1638 4268 1712 dicitur

697 1731 708 1740 ’
792 1809 798 1816 -
853 1761 1256 1852 Matthias,
1311 1760 1596 1833 ultimus
1657 1759 1924 1833 scilicet
1981 1783 2067 1832 ex
2136 1782 2383 1857 genere
2434 1758 2913 1853 Sacerdotali3
2968 1784 3111 1860 quo
3160 1761 3538 1857 defuncto,
3588 1767 3750 1860 ipsa
3790 1763 4074 1870 bellua,
4127 1762 4259 1838 ool.

863 1911 890 1958 1
913 1912 995 1976 1,
1045 1886 1182 1959 hoc
1223 1897 1330 1959 est
1379 1859 1676 1976 Seditio,
1722 1885 2096 1988 Pontificis
2141 1885 2470 1956 Maximi
2524 1889 3019 1962 auctoritatem
3052 1885 3191 1964 sibi
3236 1891 3635 1988 arrogavit,
3680 1901 3756 1963 et
3786 1893 3865 1964 in
3894 1884 4261 1961 turbulen-

853 2010 932 2082 ta
969 2035 1012 2081 r
1007 2037 1208 2084 erum
1277 2011 1675 2088 condiuone
1713 2012 1969 2084 omnia
2006 2007 2425 2108 gubernat-’e
2464 2012 2719 2106 coepit.
2814 2012 3084 2087 Deoem
3122 2025 3359 2088 autem
3409 2014 3683 2111 Reges,
3731 2012 3871 2086 col..
3916 2037 3944 2084 1
3958 2037 4045 2104 2,
4094 2023 4263 2084 sunt

842 2134 1106 2210 ‘decem
1145 2137 1589 2238 Toparchae,
1643 2139 1832 2212 inter
1872 2163 2042 2239 quos
2079 2135 2128 2208 J
2132 2135 2515 2208 udaeorum
2576 2149 2767 2212 terra
2790 2191 2813 2228 ,
2860 2145 3003 2237 quo
3040 2149 3359 2235 tempore
3406 2135 3675 2210 bellum
3708 2159 3877 2210 cum
3923 2133 4265 2208 Romanis

859 2274 1127 2358 gestum
1175 2264 1452 2364 erupit,
1517 2261 1739 2339 divisa
1797 2275 1952 2353 est,
2005 2286 2314 2364 quosque
2364 2285 2453 2334 ex
2486 2262 2785 2336 historia.
2820 2275 3147 2362 apparet,
3193 2286 3361 2337 cum
3425 2261 3781 2340 Seditione
3819 2261 4271 2364 conspirasse

860 2386 952 2461 ad
988 2389 1280 2461 exitium
1321 2389 1966 2490 Hierosolymorum
2008 2387 2591 2488 col-‚13-17,‘

953 2513 998 2584 J
1001 2535 1116 2584 am
1137 2538 1294 2613 cap.
1320 2511 1574 2586 XVIII
1598 2537 1882 2588 carmen
1906 2513 2222 2617 sequitur
2241 2514 2503 2612 partim
2521 2456 2943 2617 triumphale
2966 2512 3221 2614 partim
3260 2483 3702 2612 Ele-giacum,
3732 2535 3947 2612 super
3996 2534 4255 2612 expug-

855 2648 1060 2707 natae
1104 2633 1324 2708 urbis
1350 2637 1662 2710 interitu·
2490 2723 2500 2732 ,

955 2759 1130 2860 cap.
1182 2761 1396 2833 XIX:
1459 2787 1697 2838 1-10
1757 2761 2012 2836 itidem
2076 2764 2481 2838 continetur
2538 2789 2865 2856 carmen,
2936 2766 3065 2840 sed
3124 2769 3167 2838 a
3230 2763 3413 2838 coeli
3487 2761 3738 2837 incolis
3802 2760 4121 2852 dictum,
4168 2784 4265 2833 ex.

853 2891 1053 2986 cujus
1096 2897 1505 2983 argumento
1563 2896 1800 2986 patet,
1850 2883 1982 2958 hos
2046 2885 2689 2985 Hierosolymorum
2750 2887 3103 2962 excidium
3145 2887 3531 2963 arctissime
3573 2886 4031 2963 connexuisse
4082 2909 4247 2979 cum

855 2993 1208 3113 religionis
1252 3010 1690 3086 Christianae
1735 3009 1907 3086 flore
1953 3037 2034 3116 ac
2081 3039 2451 3114 progressu
2488 3012 2890 3089 laetissimo.

951 3139 1099 3213 Col.
1149 3167 1176 3212 1
1199 3167 1225 3212 1
1280 3165 1476 3238 seqq.
1513 3138 1934 3235 proponitur
1979 3137 2128 3208 Titi
2167 3191 2188 3226 ,
2241 3147 2515 3233 captam
2556 3133 2806 3208 urbem
2848 3135 3173 3210 intrantis
3202 3191 3223 3226 ,
3260 3160 3519 3236 pompa
3546 3135 4022 3238 triumphalis;
4054 3140 4261 3239 cujus·

849 3263 1160 3338 tabulae.
1181 3262 1448 3336 colores
1489 3260 1586 3332 im
1623 3283 1700 3332 se
1733 3257 2000 3344 habent
2023 3315 2045 3350 ,
2089 3271 2178 3348 ut
2207 3255 2659 3332 manifestum
2690 3259 2818 3350 sit,
2866 3258 3051 3342 hanc
3102 3261 3163 3360 ei
3210 3259 3491 3372 subesse
3536 3261 3949 3368 sententiam
3976 3318 3996 3352 ,
4053 3263 4254 3366 quod

847 3392 924 3460 in
954 3385 1436 3486 expugnanda
1473 3379 1910 3482 delendaque
1943 3381 1989 3454 J
1991 3381 2372 3458 udaeorum
2409 3381 2789 3482 republica·
2820 3409 2981 3460 non
3034 3388 3165 3461 sunl
3224 3399 3477 3488 sponte
3532 3388 3733 3462 Titus
3793 3390 4064 3488 egerit,
4119 3375 4249 3465 scil

851 3515 983 3587 Dei
1021 3513 1216 3587 velut
1256 3525 1464 3613 atque
1505 3511 1551 3584 J
1553 3535 1679 3584 esu
1733 3509 2000 3618 Christi
2045 3533 2419 3609 personam
2461 3510 2889 3610 sustinuerit.
3178 3547 3187 3556 ·

961 3638 1108 3711 Col.
1169 3665 1194 3710 1
1209 3663 1254 3738 7
1302 3661 1498 3738 seqq.
1547 3635 1942 3709 miserrima
1980 3635 2672 3740 Hierosolymorum,
2716 3649 3115 3740 postquam
3128 3653 3331 3740 capta
3371 3609 3705 3728 fuissent,
3758 3631 4101 3712 conditio
4128 3635 4251 3714 de·

855 3761 1227 3853 scribitun
1277 3760 1432 3836 ·.col
1485 3787 1576 3836 20
1653 3759 1880 3833 exitus
1939 3759 2392 3860 praedicitur
2440 3760 2783 3851 Simonis,
2838 3763 3163 3836 Gorionis
3219 3763 3412 3852 Filii,
3490 3775 3563 3836 et
3622 3761 3669 3834 J
3670 3761 3966 3836 ohamus
4026 3761 4267 3858 Levi,

815 3987 824 3998 .
859 3893 983 3990 qui
1019 3891 1160 3966 vivi
1207 3890 1610 3964 incidenmt
1657 3889 1742 3962 in
1792 3886 1936 3960 Titi
1981 3895 2445 3987 potestatem3
2496 3911 2575 3958 ao
2634 3885 2775 3960 ..cul
2829 3912 2914 3959 21
2970 3889 3287 3964 infinitus
3336 3888 3454 3963 ille
3510 3886 3877 3964 hominum
3889 3915 4255 4022 numerus

853 4019 1309 4118 exprimitur,
1361 4015 1490 4115 qui
1533 4013 2020 4088 Romanorum
2058 4014 2268 4109 opera
2315 4013 2607 4086 eruenta
2655 4024 2883 4087 morte
2918 4013 3430 4090 occubuerunt.
3532 4010 3545 4030 ⁸

964 4142 1096 4215 sic·
1089 4144 1366 4242 ·itaque,
1391 4161 1678 4240 prorsus
1719 4135 2032 4209 absoluta
2053 4135 2544 4217 vaticinatione
2584 4133 2676 4211 de
2690 4136 3352 4237 Hierosolymorum
3386 4139 3717 4214 inter-itu
3700 4197 3721 4232 ,
3746 4139 4063 4242 proxime
4087 4163 4251 4220 cum

864 4267 942 4338 ea
980 4253 1422 4368 conjungitur
1440 4320 1461 4355 ,
1522 4289 1678 4364 cap.
1703 4260 1858 4334 XX
1876 4315 1897 4350 ,
1949 4259 2461 4360 tranquillitatis
2510 4260 3051 4360 perfectissimae
3080 4319 3098 4352 ,
3148 4286 3323 4364 quae
3362 4262 3591 4338 olim
3569 4291 3647 4338 ιιι
3690 4263 3843 4364 ipsa
3875 4261 4007 4338 hac
4060 4264 4247 4337 terra

692 4455 709 4472 ,
836 4387 1322 4488 exspectanda
1367 4404 1474 4464 est
1499 4447 1518 4482 ,
1543 4384 1974 4486 descriptio,
2005 4381 2314 4483 providit
2335 4397 2535 4460 vates
2568 4398 2865 4476 aetatem
2898 4381 3097 4462 illam
3114 4443 3135 4479 ,
3158 4387 3293 4490 qua
3316 4387 3604 4464 tandem
3636 4412 3845 4462 omne
3888 4399 4247 4461 certamen

831 4517 1058 4589 ·i‘nter·
1086 4513 1352 4587 bonum
1395 4529 1468 4588 et
1511 4513 1780 4588 malum
1814 4509 2098 4584 tolletur
2137 4565 2159 4600 ,
2211 4523 2435 4610 atque·
2472 4507 2579 4583 illi
2635 4510 2909 4610 integer
2964 4529 3133 4586 suus
3180 4511 3533 4590 constabit
3573 4511 3842 4606 honos;
3894 4511 4033 4611 qua
4077 4508 4249 4584 Dia-

863 4625 1027 4715 bolo
1057 4627 1260 4712 omni
1313 4637 1582 4712 ademta
1628 4639 1733 4728 vi,
1783 4639 2074 4736 ipsoque
2113 4637 2190 4708 in
2227 4633 2545 4709 tenebras
2594 4634 2905 4736 dejecto,-
2952 4634 3086 4714 col.
3133 4637 3319 4715 1-3
3345 4693 3367 4729 ,
3414 4661 3550 4740 pax
3582 4649 3656 4712 et
3695 4635 3893 4742 quies
3922 4635 4250 4710 toticon·

827 4768 1084 4872 ιιίιιῆειι
1115 4779 1462 4846 terrarum
1501 4763 1656 4839 orbi
1679 4819 1702 4857 ,
1749 4775 1966 4863 atque.
1990 4761 2056 4846 ii·
2089 4761 2304 4842 etiam
2341 4759 2671 4842 felicitate
2736 4759 2891 4840 hac.
2912 4759 3237 4854 fruemur
3258 4817 3281 4862 ,
3326 4762 3455 4870 qui
3500 4776 3705 4846 antea
3738 4760 3948 4841 enixe
3998 4755 4241 4838 studu-

4064 4879 4269 4964 etin&
