4825 5834
2094 386 2550 497 mod-⁴

580 596 665 683 ist
706 598 884 677 mihi
931 598 1192 702 legenti
1232 602 1401 704 plus,
1446 604 1685 683 semel
1746 630 1909 711 spes
1955 606 2295 683 exciderit
2323 656 2347 693 ,
2396 604 2550 690 fieri
2607 591 2816 707 poss'e'
2831 653 2850 685 .
2901 594 2983 677 ut
3026 589 3340 704 unquam
3397 592 3651 677 veritas
3687 593 3808 673 hic
3849 620 3999 676 ma·

584 733 837 807 niiesta
856 742 929 802 et
950 731 1263 804 confessa
1286 730 1379 805 sit
1398 779 1426 816 ,
1456 730 1825 836 nullusque
1844 733 2207 825 dubitem,
2237 733 2413 835 quin
2436 776 2459 815 ‚
2483 732 2545 803 si
2564 732 2752 815 inter
2774 730 2970 805 vivos
2999 727 3230 804 adhuc
3262 727 3550 827 degeret
3586 723 3991 819 Semlerus,

590 872 665 932 et
697 860 1001 955 ingenue
1045 857 1132 930 de
1172 856 1287 931 his
1332 860 1704 935 conatibus
1733 860 2182 969 sententiam
2222 861 2439 933 ferret
2463 906 2520 943 ‚
2541 856 2843 931 multum
2892 854 3157 929 elevata
3218 854 3506 967 quidem
3563 876 3712 926 esse
3739 896 3764 935 ,
3794 872 3996 951 quae

589 982 943 1083 objecerat
974 1032 999 1068 ,
1051 981 1183 1057 sed
1216 984 1542 1059 nondum
1590 1001 1915 1075 enervata
1958 962 2242 1089 penitus
2268 1031 2331 1069 ,
2344 1009 2630 1057 mecum
2679 982 3131 1057 consentiret.
3180 980 3294 1055 Sic
3343 1006 3558 1079 ergo,
3593 975 3998 1053 diversissie

583 1112 722 1187 mis
771 1111 1154 1185 multorum
1201 1113 1643 1213 opinionibus
1690 1116 2151 1207 examinatis,
2204 1126 2277 1185 et
2310 1110 2504 1213 quod
2543 1135 2631 1181 ex
2673 1107 2965 1208 singulis
3019 1106 3257 1181 nativa
3321 1104 3636 1208 quadam
3678 1100 3996 1177 bonitate
4093 1130 4102 1141 ·

579 1264 653 1313 se
695 1236 1307 1313 commendaverat
1332 1298 1353 1332 ,
1398 1254 1637 1315 notato
1665 1300 1685 1334 ,
1737 1239 1987 1315 eodem
2019 1298 2039 1331 ‚
2088 1240 2280 1317 unde
2324 1238 2606 1315 initium
2653 1237 2956 1311 feceram
2986 1293 3003 1326 ,
3053 1232 3284 1339 redii,
3347 1230 3476 1307 sed
3516 1232 3718 1331 longe
3757 1248 4002 1332 p'rom-
4041 1332 4048 1347 ι

580 1370 719 1445 tior
770 1371 1211 1471 paratiorque
1232 1428 1252 1462 ,
1304 1366 1397 1439 ad
1450 1364 1831 1442 lectionem
1884 1362 2211 1440 videlicet
2260 1365 2484 1467 ipsius
2537 1360 2747 1455 libri,
2802 1374 3216 1463 experturus
3234 1416 3254 1452 ‚
3311 1386 3399 1433 an
3445 1360 3818 1433 certiorem
3872 1348 4002 1429 ali}-

589 1522 803 1599 quam
832 1494 1405 1592 'explanationem
1460 1493 1773 1593 reperire
1836 1492 2131 1567 forsitan
2188 1492 2646 1593 contingeret.
2749 1488 2858 1563 Ac
2891 1486 3084 1562 lento
3127 1484 3416 1589 quidem
3471 1476 3999 1603 temperatoque

588 1617 804 1719 gradu
844 1618 1241 1692 minutatim
1284 1619 1679 1721 procedens
1707 1675 1728 1710 ,
1780 1620 1996 1719 (cum
2056 1616 2430 1721 plerosque
2480 1642 2652 1718 prae
2718 1613 3167 1689 festinatione
3222 1612 3580 1685 aberrasse
3645 1614 3687 1682 a
3729 1608 3839 1685 via
3885 1613 4000 1711 ju-
4038 1625 4046 1633 ·

546 1739 893 1817 dicarem
922 1744 993 1842 ,)
1038 1742 1143 1817 ·id
1208 1745 1517 1842 studiose
1544 1746 1804 1821 curavi
1831 1803 1851 1840 ,
1902 1760 1985 1821 ut.
2051 1746 2546 1849 quamcunque
2609 1743 2723 1820 vel
2782 1737 3204 1819 levissimam
3263 1740 3641 1836 scintillam
3695 1766 3735 1815 e
3782 1738 3998 1814 densa

588 1884 798 1945 nocte
843 1867 1195 1970 pollucere
1240 1872 1568 1945 vidissem
1592 1929 1611 1965 ,
1660 1872 1850 1947 hanc
1908 1873 2106 1975 quasi
2156 1870 2413 1947 ducem
2475 1870 2748 1944 itineris
2791 1895 3156 1972 sequerer,
3234 1872 3371 1943 ne'c
3441 1868 3637 1969 prius
3689 1864 3822 1939 alio
3887 1890 4002 1939 se-

586 1996 910 2071 cederem
935 2052 955 2087 ,
1006 2022 1221 2098 quam
1278 1995 1492 2069 altera
1557 2024 1700 2072 una
1775 1998 2007 2073 oblata
2054 2014 2237 2074 esset
2301 1998 2737 2101 splendidior
2801 1988 2873 2072 et
2936 1998 3160 2097 magis
3220 2007 3532 2096 accepta.
3634 1984 3864 2093 Cujus
3895 1990 4004 2067 in-

576 2114 891 2221 dagandi
936 2120 1225 2193 rationis
1286 2120 1405 2194 hic
1474 2123 1605 2194 suit
1658 2123 1927 2197 fructus
1961 2180 1982 2216 ,
2052 2138 2135 2199 ut
2202 2125 2486 2200 tandem
2511 2180 2532 2217 ,
2603 2123 2904 2225 repetito
2966 2122 3332 2225 aliquoties
3389 2119 3648 2207 eodem·
3709 2117 3953 2193 labore
3977 2174 4000 2209 ,

586 2246 864 2329 nullum
921 2246 1067 2319 fere
1114 2244 1294 2319 mihi
1339 2243 1635 2320 dubium
1681 2264 2081 2351 superesset
2123 2248 2216 2341 de
2270 2249 2593 2325 universa
2635 2249 2794 2323 libri
2834 2248 3182 2323 sententia
3224 2259 3296 2320 et
3322 2246 3411 2321 de
3445 2244 3744 2319 auctoris
3772 2242 4002 2319 cousi-

496 2376 503 2381 ’
592 2372 722 2448 lio:
774 2374 1039 2475 quippe
1081 2398 1267 2475 quae
1310 2372 1406 2446 ad
1448 2372 1658 2476 hujus
1697 2378 1805 2451 rei
1856 2376 2393 2479 intelligentiam
2440 2375 2699 2450 ducere
2755 2400 2958 2477 posse
3015 2374 3162 2451 visa
3227 2358 3484 2474 eran-t,⁴
3517 2370 3774 2445 indicia
3804 2428 3842 2463 ‚¹
3872 2356 4003 2470 per
4043 2347 4056 2369 ’

586 2510 816 2574 totum
849 2522 1022 2598 opus
1062 2500 1327 2597 passim
1374 2498 1685 2599 dispersa
1713 2555 1734 2591 ,
1783 2515 1931 2577 tam
1980 2502 2343 2577 evidenter
2402 2504 2638 2577 omnia
2698 2503 2886 2575 inter
2932 2526 3009 2575 se
3073 2499 3474 2603 conspirare
3527 2498 3878 2599 comperi,
3929 2512 4004 2571 et

592 2620 894 2705 alterum
954 2620 1238 2696 alterius
1304 2626 1588 2717 firmare
1639 2626 2233 2725 declarationem,
2278 2639 2362 2703 ut
2408 2628 2591 2701 nihil
2653 2627 2877 2723 aliud,
2936 2624 3082 2730 sed
3147 2651 3313 2726 sane
3373 2626 3510 2699 hoc
3575 2651 3787 2725 quam
3845 2610 4034 2723 gra-⁴

586 2748 999 2847 vissimum,
1068 2748 1547 2851 requireretur
1595 2752 1691 2827 ad
1744 2756 2095 2855 integram
2158 2784 2405 2831 causae
2471 2712 3008 2859 probationem,
3077 2782 3289 2884 quam
3353 2769 3440 2829 ut
3486 2752 3845 2829 detectum
3897 2780 4008 2829 es·

590 2888 699 2953 set
745 2874 935 2951 foedi
971 2876 1171 2953 istius
1224 2881 1539 2980 portenti
1575 2910 1885 2975 nomen,
1937 2882 2161 2987 quod,
2207 2882 2458 2984 capitis
2495 2882 2702 2957 XIII.
2743 2881 2876 2957 col.
2919 2884 3042 2975 18,
3089 2875 3474 2958 literarum
3498 2938 3517 2973 ,
3536 2878 3818 2997 quibus,
3835 2892 4004 2991 con-

568 3008 777 3093 'stet,
822 3028 1121 3078 numero
1172 3005 1611 3105 exprimitur.
1711 3009 1925 3102 Quod
1981 3036 2161 3084 vana
2214 3008 2566 3111 quaedam
2622 3010 2880 3113 cupide
2941 3024 3275 3105 conatus,
3329 3012 3426 3086 ita
3468 2984 3755 3083 tandem
3805 3011 4001 3083 inve-

582 3135 769 3212 nisse
820 3137 1000 3211 mihi
1064 3139 1257 3247 risus
1324 3162 1483 3211 sum
1508 3195 1527 3231 ,
1581 3150 1665 3213 ut
1714 3138 1792 3212 in
1840 3140 2127 3213 invento
2201 3137 2443 3211 statim
2493 3136 3053 3239 acquiescerem3
3120 3137 3359 3211 nescio
3417 3113 3608 3235 enim
3643 3193 3662 3227 ,
3714 3136 3870 3208 utra
3911 3162 3999 3209 ex

582 3274 787 3363 porte
846 3263 1067 3363 magis
1130 3288 1209 3343 fle
1266 3262 1480 3349 mihi
1495 3264 2032 3353 commendaret
2088 3265 2392 3367 coniecti
2429 3263 2763 3355 nominis
2819 3260 3322 3356 commoditas,
3396 3262 3588 3392 quod
3653 3261 3862 3365 plane
3925 3265 4004 3337 in

581 3388 723 3463 boc
784 3391 1235 3484 conveniret,
1304 3418 1483 3495 quae
1556 3392 1905 3496 capitibus
1966 3394 2157 3501 XIII
2212 3406 2287 3467 et
2348 3391 2578 3467 XVII
2655 3386 2984 3463 terribilis
3050 3388 3351 3462 monstri
3405 3382 3572 3469 satis
3635 3416 3869 3491 pressa
3920 3390 4004 3464 fit

584 3512 1015 3617 descriptio,
1088 3544 1180 3593 an
1240 3516 1441 3621 quod
1520 3544 1653 3621 per
1712 3518 1849 3597 hoc
1916 3534 2283 3622 repertum
2360 3512 2634 3616 integro
2709 3527 3080 3593 manerent
3121 3508 3440 3591 robore
3481 3531 3556 3592 et
3636 3490 4000 3598 immutata

581 3642 871 3731 omnia,
937 3666 1119 3742 quae
1174 3656 1337 3719 ante
1397 3644 1539 3743 jam
1592 3670 1702 3731 ex
1744 3646 1899 3736 aliis
1963 3647 2245 3736 indiciis
2309 3669 2594 3721 mecum
2663 3632 3165 3718 concluseram.
3297 3640 3440 3719 sed
3515 3638 3698 3753 absit
3771 3643 3948 3722 haec
3972 3707 3993 3742 ,

580 3789 762 3879 qnae
821 3766 1197 3843 nonnullis
1241 3766 1613 3853 videbitur
1628 3774 1917 3880 jactatio
1939 3830 1960 3867 ,
2011 3772 2495 3875 judiciumque
2569 3768 2804 3870 aequis
2867 3766 3313 3873 relinquatur
3360 3742 3786 3869 lectoribus3
3840 3778 3952 3851 cui
3972 3831 3994 3867 ,

578 3891 1069 3995 qualecunque
1108 3894 1424 3989 futurum
1472 3910 1621 3989 est,
1638 3926 1815 3973 non
1852 3926 2053 3999 aegre
2101 3924 2470 3990 cessurus,
2521 3895 2594 3969 id
2637 3898 2785 3997 ipse
2833 3891 3123 3987 saltem,
3174 3908 3246 3969 et
3290 3918 3415 3989 eo,
3423 3885 3557 3975 de
3608 3893 3748 4002 quo
3799 3900 3943 3980 dixi
3967 3962 3989 3999 ,
4091 3916 4098 3923 ’

580 4020 920 4119 temporis
978 4032 1336 4099 momento
1398 4035 1591 4095 ratus
1650 4050 1858 4115 sum,
1920 4039 1994 4101 et
2044 4052 2289 4113 nunc,
2350 4049 2572 4125 quum
2639 4023 3084 4119 conjecturae
3149 4020 3427 4115 novitas
3450 4010 3998 4127 quodammodo
4057 4092 4062 4097 .

585 4149 733 4244 jam
796 4146 943 4225 vim
992 4144 1261 4236 amisit,
1313 4172 1451 4222 nee
1480 4148 1725 4223 fucum
1781 4151 2010 4227 facere
2062 4149 2359 4251 amplius
2412 4159 2692 4249 potest,
2754 4172 2914 4220 reor
2988 4146 3587 4258 constantissime,
3635 4180 3750 4226 me
3807 4156 4002 4270 viam

592 4269 947 4369 agnovisse
1002 4268 1512 4371 interpretandi
1582 4275 2100 4377 Apocalypseos
2172 4276 2378 4369 libri,
2426 4301 2654 4378 quae,
2703 4274 2767 4347 si
2811 4272 3107 4350 Semleri
3154 4242 3562 4379 adversariis
3607 4264 3996 4385 patuisset,

590 4394 943 4495 extemplo
989 4393 1157 4473 huie
1206 4396 1491 4473 facultas
1537 4400 1779 4505 fuisset
1824 4402 2232 4506 praeclusa,
2284 4416 2429 4480 tam
2491 4400 2759 4492 libere,
2812 4426 3302 4505 quamcunque
3349 4402 3613 4507 vellet,
3607 4402 3993 4511 objecta-

590 4522 865 4609 tionem
913 4518 1309 4603 effutiendi.
1407 4524 1513 4615 Ea
1562 4528 1753 4604 enim
1811 4528 1955 4603 duo
2011 4557 2176 4606 cum
2217 4529 2436 4603 totius
2487 4526 2979 4628 disputationis
3027 4552 3192 4600 suae
3255 4530 3645 4677 principia
3671 4560 3753 4613 ac
3801 4538 3993 4611 velut

589 4644 1049 4724 fundamenta
1096 4648 1453 4749 posuerit.
1532 4652 1875 4747 alterum,
1944 4655 2093 4731 fieri
2138 4678 2288 4730 non
2332 4679 2536 4756 posse
2563 4707 2596 4748 ,
2643 4655 2818 4757 quin
2868 4665 2988 4726 aut
3033 4622 3288 4727 nulla
3255 4709 3300 4753 ,.
3332 4652 3452 4744 aut
3501 4643 3756 4767 impia
3762 4677 3832 4736 et
3833 4639 4022 4741 zib-¹

502 4808 515 4821 ·
600 4769 815 4851 surda
859 4770 1037 4859 libro
1076 4772 1550 4855 constituatur
1592 4782 1990 4881 sententia3
2041 4780 2335 4858 alterum
2358 4832 2386 4874 ‚
2439 4794 2734 4855 aetatem
2749 4828 2779 4877 ,
2825 4778 2966 4883 qua
3013 4782 3316 4904 scriptus
3365 4786 3505 4883 sit,
3554 4816 3838 4892 prorsus
3887 4794 3995 4865 in-

2411 4906 2477 4981 B
3843 4944 3992 4993 cer·
