4825 5834
1898 375 2478 499 ,μω-’-

561 614 821 695 versari
850 617 933 713 in
978 610 1449 716 descriptione
1508 602 1857 691 malorum'
1873 665 1899 705 ‚
1939 629 2128 715 quae
2182 610 2624 719 Iudaeorum
2680 624 2908 690 terrae
2953 612 3302 693 instarent
3327 670 3348 707 ‚
3395 637 3530 690 nec
3571 618 3770 718 prius
3813 620 3977 699 fini·

560 758 805 820 rentur
825 797 854 843 ,
892 770 1107 847 quam
1149 768 1317 818 cum
1360 740 2011 841 Hierosolymorum
2063 739 2342 815 excidio
2391 740 2618 813 omnis
2673 764 2942 825 eorum,
2955 740 3194 819 civitas
3230 741 3572 820 dissoluta
3619 742 3981 846 fractaque

560 869 823 947 fuisset.
926 868 1151 976 Cujus
1172 930 1179 941 .
1198 869 1733 961 vatffiinationk‘
1764 892 1939 945 cum.-
1962 866 2306 947 Jmembra
2346 866 2720 970 quaelibet.
2745 880 2900 941 tam
2934 882 3256 948 accurate
3309 892 3476 943 cum
3517 868 3730 945 rebus
3763 873 3942 975 ipsis
3969 931 3992 967 ,

562 995 731 1071 dein
784 996 1039 1097 gestis5
1109 997 1508 1073 convenire·
1540 998 1879 1073 statueret
1903 1050 1926 1089 ,
1974 1008 2061 1073 ut·
2116 996 2371 1075 melius
2427 992 2758 1098 explicari
2827 1019 2976 1071 non
3043 1007 3381 1097 possent,
3459 974 3700 1097 quam,
3753 999 3972 1101 ipsius

558 1122 896 1198 historiae
921 1156 961 1216 ‚·
995 1128 1039 1199 ὲ
1080 1124 1391 1229 Josepho
1426 1104 1725 1201 traditae
1750 1178 1773 1215 ,
1816 1120 1981 1199 lnce
2006 1121 2365 1201 adhibita:
2419 1137 2576 1199 tum
2609 1120 2748 1199 hoc
2805 1122 3134 1226 inprimis
3193 1120 3662 1199 animadverti
3712 1124 3932 1202 voluit
3957 1185 3984 1221 ‚

562 1250 758 1350 quod
822 1265 897 1327 et
956 1253 1279 1329 universe
1332 1276 1463 1355 per
1513 1275 1755 1327 omnes
1824 1248 1999 1327 libri
2052 1263 2333 1353 partes,
2380 1264 2455 1325 et
2510 1252 2892 1354 praecipue
2937 1250 3016 1325 in
3073 1250 3313 1342 exitu,
3363 1273 3532 1323 cum
3579 1247 3983 1353 Hierosoly-

559 1400 844 1453 morum
914 1378 1191 1457 excidio
1244 1377 1627 1456 arctissime
1688 1380 2071 1479 coniuncta
2136 1391 2624 1481 proponantur
2691 1379 2892 1479 regni
2949 1375 3282 1454 Messiani
3337 1374 3609 1451 auctior
3658 1374 3864 1479 longe
3905 1394 3980 1455 et

557 1503 999 1606 splendidior
1068 1516 1349 1597 status,
1422 1504 1537 1580 vel
1602 1504 1839 1605 potius
1898 1516 2057 1579 tum
2110 1502 2424 1581 demum·
2465 1502 2819 1581 condendi
2861 1492 3432 1605 magnificentia,
3484 1498 3832 1599 judicium
3868 1532 3984 1579 su·

554 1654 929 1773 premunt,
998 1654 1079 1704 ac
1132 1630 1417 1733 piorum
1470 1643 1757 1708 aeterna
1834 1628 2179 1711 beatitas·
2252 1630 2580 1707 similiter
2643 1644 2852 1736 atque
2916 1633 2964 1708 J
2964 1658 3121 1707 esus
3175 1628 3498 1707 Christus
3553 1638 3626 1701 et
3689 1625 3856 1703 alibi
3915 1644 3990 1707 et

551 1752 631 1829 in
674 1756 757 1830 ea
810 1756 1157 1849 oratione,
1192 1780 1383 1860 qnae
1424 1756 1671 1835 Matth.
1708 1756 1975 1835 XXIV
2032 1758 2253 1837 literis
2312 1759 2714 1856 consignata
2767 1773 2922 1849 est,
2970 1759 3146 1834 haec
3204 1766 3454 1834 eventa
3493 1777 3660 1829 cum
3703 1752 3834 1832 ino
3881 1758 3986 1833 sic

556 1884 1022 1959 connexuerit
1051 1940 1074 1976 ,
1122 1896 1205 1959 ut
1238 1884 1577 1959 continuo
1620 1879 2035 1957 viderentur
2080 1906 2159 1955 se
2196 1880 2502 1959 invicem
2549 1906 2700 1957 esse
2739 1892 3142 1985 exceptura.

562 2042 569 2049 ·
648 2011 913 2113 Accipe
960 2012 1152 2111 jamg
1202 2008 1553 2113 quomodo
1566 2064 1599 2115 Φ,
1648 2006 1761 2081 his
1820 2006 2069 2108 positis
2091 2061 2116 2100 ‚
2158 2005 2566 2109 singillatim
2627 2021 2884 2085 cuneta
2922 2005 3394 2113 'explicuerit3
3443 2001 3805 2083 ordiemur
3851 2033 3980 2085 au-

556 2147 703 2209 tem
752 2134 843 2210 ab
882 2158 967 2208 eo
1012 2134 1173 2215 loeo
1198 2186 1219 2225 ‚
1268 2160 1311 2207 a
1360 2157 1502 2235 quo
1552 2132 1710 2231 ipsa
1756 2132 2151 2207 futurorum
2188 2132 2582 2233 praedicti&
2623 2134 2984 2238 incipiat.''
3701 2158 3714 2175 ·

648 2260 853 2336 Libri
897 2260 1109 2361 igitur
1133 2316 1154 2353 ‚
1203 2285 1345 2362 quo
1394 2254 1585 2335 velut
1644 2256 1953 2333 fatorum
1997 2256 2255 2332 Codice
2296 2258 2516 2335 tristis
2564 2260 2612 2335 J
2615 2259 3003 2338 udaeorum
3059 2286 3210 2336 sors
3255 2276 3331 2337 et
3367 2274 3826 2339 consecutura
3869 2264 3972 2337 rei

553 2386 996 2464 Christianae
1048 2383 1499 2487 amplificatio
1554 2384 2135 2493 continerentur,
2200 2382 2295 2462 V.
2346 2412 2375 2461 1
2412 2411 2674 2530 seqq.
2729 2394 2984 2489 'aperto
3065 2386 3294 2489 sigillo
3339 2392 3632 2487 ptimo,
3701 2388 3836 2464 VI.
3889 2419 3968 2483 1,
4069 2452 4078 2461 .

548 2538 776 2617 equus
826 2512 1069 2605 albus,
1140 2516 1405 2613 quique
1464 2508 1637 2587 huic
1667 2484 1935 2587 insidet
1952 2509 2239 2603 victor,
2290 2510 2531 2589 omina
2593 2527 2762 2590 sunt
2813 2512 3214 2615 triumphi,
3265 2538 3480 2616 quem
3524 2514 3630 2589 de
3683 2514 3972 2593 Herode

552 2638 862 2740 Antipa‚
931 2635 1281 2713 Galilaeae
1335 2632 1777 2735 Tetrarcha,
1820 2636 2209 2739 reportavit
2266 2634 2574 2735 Aretes,
2617 2638 2910 2773 Arabiae
2961 2641 3300 2717 Petraeae
3335 2638 3514 2715 Rex.
3565 2640 3776 2721 Conf.
3815 2642 3864 2719 J
3863 2670 3966 2719 os

554 2760 1199 2843 Antt.xvn1.5.
3143 2802 3200 2819 κ

650 2889 767 2965 Ad
818 2886 1121 2989 sigillum
1186 2886 1495 2963 alterum
1556 2884 1977 2963 nuntiantur
2028 2896 2265 2964 motus
2323 2886 2680 2982 intestini,
2727 2796 3036 2971 seditio
3021 2900 3096 2965 et
3063 2800 3514 2992 multiplex
3565 2889 3965 2989 calamitas,

548 3040 765 3117 quam
819 3012 1075 3091 ,Iudaei
1136 3014 1421 3091 sibimet
1468 3014 1607 3105 ipsi
1680 3011 2255 3103 concitaverunt,
2324 3028 2479 3094 aut
2513 3018 2558 3091 a
2625 3012 3206 3094 Procuratoribus
3277 3016 3612 3095 Romanis
3646 3022 3964 3125 perpessi

380 3192 387 3195 .
546 3152 762 3229 sunt,
810 3134 903 3211 ad
948 3131 1125 3210 illud
1192 3156 1415 3237 usque
1464 3142 1789 3233 tempus,
1826 3150 1981 3229 quo
2031 3136 2294 3204 ennoe-
2278 3158 2564 3209 ent-:tm
2625 3152 2890 3223 imm
2943 3140 3227 3231 invasit.
3328 3142 3536 3220 conf.
3573 3152 3720 3223 J08.
3759 3150 3964 3303 Antt.

546 3268 635 3341 L.
670 3262 951 3340 XVIII.
1012 3260 1138 3353 14,
1194 3280 1307 3359 17.
1375 3252 1556 3332 XX.
1606 3280 1706 3348 2,
1765 3250 1907 3353 13,
1963 3255 2103 3350 14,
2160 3258 2248 3331 15
2298 3268 2476 3329 caet.

640 3390 763 3466 Ad
820 3390 1151 3479 ter-cium,
1178 3382 1353 3459 col.
1378 3382 1480 3474 5,
1552 3380 1811 3459 fames·⁴
1836 3379 2309 3483 praedicitur,
2356 3405 2585 3487 quae
2609 3328 2884 3461 OEaudii
2915 3393 3170 3465 aetate.
3190 3401 3524 3486 greum
3535 3392 3700 3542 fuit.
3793 3398 3960 3483 Act

546 3516 697 3594 XI:
745 3516 887 3609 283
938 3514 1095 3591 Jos.
1146 3510 1354 3607 Antt-
1397 3508 1592 3587 XX.
1626 3532 1671 3581 2
1696 3505 1807 3600 ,3.

644 3640 765 3719 Ad
816 3651 1205 3741 quartum,
1237 3635 1369 3712 col.
1400 3660 1491 3738 7,
1532 3646 1947 3738 portentum
1978 3634 2217 3739 prodit
2254 3632 2635 3737 malorum,
2676 3632 2964 3735 partim
2980 3636 3027 3707 a
3069 3634 3556 3751 praedonibus
3573 3656 3652 3719 et
3678 3643 3962 3728 latroni.

547 3768 681 3846 bus
714 3766 1065 3843 illatorum
1100 3762 1198 3863 (J
1200 3790 1302 3839 os
1352 3764 1551 3843 Antt.
1574 3764 1753 3845 XX.
1772 3766 1807 3867 )
1838 3769 2139 3869 partim,
2190 3788 2371 3868 quae
2408 3788 2506 3837 ex
2545 3761 2732 3845 fame
2779 3764 3172 3839 necessario
3215 3778 3376 3867 apta
3415 3769 3696 3852 fuerint.

642 3893 761 3972 Ad
794 3895 1175 3995 quintum,
1222 3890 1657 3990 significatur
1698 3892 1949 3971 caedes
1996 3894 2602 3991 Christianorum,
2645 3897 2692 3971 ὸ
2723 3893 2768 3971 J
2771 3892 3010 3971 udacts
3041 3908 3372 3998 patrata,
3423 3900 3532 3975 uti
3565 3898 3908 4007 Stephani
3929 3956 3956 4001 ,

546 4020 1017 4109 Jacobormn‚
1068 4028 1261 4091 caet.
1264 4016 1483 4095 conf.
1519 4018 1683 4092 Jos.
1698 4022 1886 4097 A.nt
1922 4024 2123 4101 ΚΧ·
2166 4028 2243 4102 8
2715 4067 2731 4079 .

643 4142 763 4222 Ad
796 4157 1149 4237 sextum,
1198 4138 1711 4244 praedicuntur
1734 4170 1881 4221 non
1912 4160 2197 4225 tantum
2230 4154 2447 4255 signa
2481 4150 2643 4244 illa,
2689 4088 2870 4255 quae
2913 4150 2998 4229 in
3031 4078 3273 4248 coelo,
3307 4166 3403 4229 et
3467 4174 3721 4248 voces,
3771 4178 3952 4258 quae

545 4264 629 4346 in
689 4268 951 4374 templo
1016 4294 1181 4345 cum
1242 4268 1432 4369 gravi
1480 4268 1911 4349 Judaeorum
1971 4288 2238 4352 terrore
2280 4279 2734 4375 exstiterunt3
2781 4282 2970 4357 conf.
3015 4281 3162 4359 Jos.
3224 4279 3316 4356 de
3355 4280 3440 4353 Β.
3475 4281 3546 4357 J.
3596 4282 3754 4359 VI·
3813 4282 3954 4377 31,

416 4390 436 4399 ”
547 4394 725 4471 v11=
774 4397 817 4475 3
831 4422 913 4474 1·
892 4454 915 4491 ,
964 4393 1096 4470 sed
1142 4393 1351 4469 etiam
1368 4450 1389 4486 ,
1437 4393 1731 4473 demta
1708 4402 2011 4500 lmagine
2029 4460 2052 4497 ,
2101 4410 2464 4509 oppressio
2515 4406 2860 4485 nobilium
2937 4424 3011 4485 et
3069 4410 3490 4513 optimatum
3513 4462 3542 4502 ,
3589 4412 3636 4485 ὁ
3705 4408 3950 4489 Gessio

548 4520 759 4598 Floro
796 4536 869 4597 et
908 4520 999 4598 ab
1046 4520 1201 4598 aliis
1246 4523 1603 4619 instituta3
1646 4527 1838 4603 conf.
1888 4529 2039 4607 Jos.
2088 4538 2255 4611 Ant.
2294 4537 2452 4612 XX
2485 4534 2578 4611 de
2615 4536 2704 4612 B.
2751 4537 2823 4609 J.
2847 4536 2950 4609 Π.
3021 4538 3150 4633 14,
3183 4535 3304 4613 15.-

550 4702 559 4707 -
648 4648 823 4750 cap.
862 4646 1039 4723 Vn:
1102 4650 1285 4724 1-8
1328 4652 1765 4753 praecinitur
1798 4680 1967 4735 cum
2002 4659 2307 4755 Divina,
2332 4654 2472 4766 qua
2509 4661 2892 4751 Christiani
2925 4666 2967 4737 a
3010 4662 3430 4756 calamitate,
3461 4686 3638 4765 quae
3676 4661 3944 4741 Judae-

548 4794 755 4850 orum
802 4776 995 4874 genti
1058 4772 1331 4857 inflicta
1374 4792 1480 4855 est
1502 4831 1533 4880 ,
1580 4780 1844 4865 mirum
1904 4786 1983 4865 in
2032 4787 2331 4879 modum
2366 4788 2624 4873 servati
2685 4797 2896 4885 sunt;
2947 4786 3210 4871 deinde
3261 4812 3430 4870 vero
3465 4792 3512 4866 a
3547 4814 3790 4894 9-17
3829 4816 3944 4864 eo.

3778 4940 3940 4991 rum
