4825 5834
2083 429 2477 514 ...w-

563 671 640 737 et
673 653 924 762 templi
971 651 1068 732 ab
1109 643 1640 756 expugnationis
1683 642 1852 724 inde
1895 653 2262 750 tempore3
2311 665 2402 720 ex
2429 664 2573 747 quo
2618 639 2811 722 enim
2850 640 3251 722 Hadrianus
3294 661 3557 721 novam
3592 634 3849 732 urbem
3876 635 3986 715 ibi

569 783 1001 862 condidisset
1018 835 1042 876 ,
1089 769 1171 858 et
1213 777 1560 882 templum
1585 831 1610 870 ‚
1655 774 1706 853 J
1703 775 1820 854 ovi
1857 771 2258 878 Capitolino
2301 784 2785 849 consecratum
2806 827 2829 864 ‚
2878 771 2959 846 in
2990 771 3207 846 Sione
3242 770 3589 874 posuisset
3612 817 3659 863 ‚·
3686 765 3781 848 ad
3822 791 3981 845 mu·-

565 923 681 986 tus
738 931 960 1013 usque
985 963 1006 1002 ‚
1046 909 1104 990 ,a
1171 903 1628 983 Barcocheba
1681 903 2066 982 concitatos
2088 957 2110 996 ‚
2157 914 2302 977 tres
2341 899 2505 976 anni
2546 913 2620 974 et
2678 897 3015 976 dimidius
3071 898 3295 975 exacti
3342 895 3604 974 fuerint
3630 952 3651 989 ‚
3704 892 3841 972 col.
3894 915 3985 986 23

555 1035 702 1113 duo
749 1048 986 1114 autem
1021 1048 1366 1138 martyres
1413 1032 1518 1110 illi
1534 1087 1570 1128 ‚-
1608 1031 1741 1110 col.
1779 1031 1825 1109 3
1867 1055 2062 1135 seqq.
2075 1084 2097 1123 ,
2145 1030 2437 1132 figurate
2484 1027 2893 1132 exprimunt
2946 1026 3215 1131 duplex
3266 1025 3823 1100 Christianorum
3856 1045 3981 1120 ge·

557 1187 696 1238 nus
717 1220 738 1255 ‚
785 1162 984 1268 quod
1035 1163 1114 1239 in
1129 1160 1326 1240 'urbe
1356 1159 1596 1241 Aeliae
1631 1160 1890 1254 fiaerit3
1939 1179 2243 1262 quomm
2286 1154 2489 1237 alteri
2506 1213 2527 1250 ‚
2562 1156 2831 1260 quippe
2878 1179 2965 1234 ex
3010 1155 3056 1232 J
3058 1153 3301 1242 udaeis
3330 1154 3469 1229 orti
3495 1207 3519 1246 ‚
3570 1175 3737 1228 cum
3784 1148 3980 1224 Mose

561 1303 1056 1392 comparantur
1091 1313 1117 1386 ς
1185 1285 1390 1368 alteri
1410 1344 1432 1383 ‚
1486 1313 1575 1365 ex
1634 1283 1990 1364 Gentibus
2041 1280 2316 1360 collecti
2338 1341 2359 1378 ‚
2409 1307 2577 1360 cum
2632 1283 2791 1358 Elia
2843 1295 3135 1387 propter
3196 1278 3641 1358 Idololatriae
3722 1275 3983 1374 fugam.

558 1413 694 1490 His
739 1414 954 1515 igitur
994 1430 1363 1516 postquam
1385 1415 1693 1494 maxime
1733 1412 2090 1490 nocuisset
2117 1419 2301 1513 θηρῶν
2335 1409 2533 1487 istud
2578 1409 2761 1509 (col.
2806 1435 2875 1512 7.
2894 1413 2929 1513 )
2948 1466 2971 1504 ,
3020 1408 3473 1496 Barcocheba
3497 1459 3521 1498 ,
3560 1401 3851 1478 tandem
3894 1397 3987 1476 ad

555 1539 896 1641 septimae
935 1538 1142 1616 tubae
1179 1551 1468 1617 cantum
1481 1596 1505 1635 ‚
1561 1537 1705 1619 col.
1753 1563 1782 1615 1
1795 1537 1842 1616 5
1872 1591 1895 1634 ,
1931 1537 2212 1640 signum
2247 1535 2461 1614 datur
2492 1537 2841 1616 Romanis
2878 1534 3287 1616 absolvendi
3336 1532 3771 1611 Judaeorum
3798 1528 3986 1604 exci-

557 1664 657 1737 dii
693 1664 768 1740 in
810 1661 989 1742 urbe
1033 1665 1322 1766 Aeliae3
1373 1695 1518 1772 quo
1551 1665 1736 1743 facto
1753 1721 1774 1760 ,
1823 1663 2003 1742 coeli
2059 1665 2332 1742 incolae
2354 1722 2377 1759 ‚
2426 1665 2803 1768 splendido
2864 1665 3003 1742 hoc
3060 1674 3315 1740 evento
3381 1659 3638 1762 gavisi,
3686 1662 3831 1760 jam
3880 1681 3986 1732 ca·-

554 1805 786 1884 nunt‚
831 1783 1054 1895 regno
1087 1796 1398 1902 potitum
1431 1813 1582 1872 esse
1615 1790 1986 1882 Moesiam,
2027 1791 2230 1890 (scil.
2270 1796 2352 1866 in
2387 1793 2646 1888 oppido
2682 1795 2859 1866 satis
2900 1789 3239 1892 ignobili)
3284 1785 3422 1862 col.
3457 1784 3771 1886 15-19.

515 1947 527 1956 ·
653 1917 799 1995 Sic·
821 1920 1064 2026 itaque
1088 1981 1111 2019 ,
1135 1948 1306 2000 cum
1337 1922 1434 1999 ad
1461 1923 1682 1997 finem
1713 1940 1940 2020 usque
1975 1911 2633 2018 Hierosolymorum
2656 1927 2727 1992 et
2750 1915 2799 1992 J
2800 1913 3095 1992 uda‘icae
3140 1913 3439 1990 civitatis
3475 1911 3616 1988 fata
3666 1912 3706 1986 J
3718 1906 3985 1994 ohanni

559 2067 694 2143 per
731 2045 1077 2126 visionem
1117 2049 1530 2134 continuam
1584 2043 1897 2122 exhibita
1941 2041 2241 2118 fuissent
2259 2097 2280 2134 ‚
2335 2041 2417 2117 in
2463 2039 2715 2116 eadem
2764 2041 2899 2117 hae
2940 2039 3163 2143 priori
3204 2051 3403 2144 parte
3448 2064 3535 2114 ea
3590 2047 3981 2139 sequuntur

555 2167 833 2245 oracula
851 2222 875 2261 ‚
923 2166 1184 2271 quibus
1213 2163 1516 2244 Romani
1545 2159 1846 2266 Imperii
1892 2162 2408 2246 vicissitudines
2458 2166 2823 2242 nuntiatae
2854 2181 3041 2242 sunt.

569 2339 580 2346 ·
649 2293 758 2370 Ac
793 2293 1052 2370 mulier
1080 2287 1375 2398 quidem
1410 2315 1493 2368 ea
1511 2346 1535 2385 ‚
1583 2313 1764 2393 quae
1805 2287 1963 2392 cap.
2004 2285 2158 2366 XII
2211 2293 2639 2393 proponitur
2664 2346 2687 2389 ,
2738 2307 2849 2368 est
2914 2293 3244 2370 Ecclesia
3306 2289 3673 2368 Catholica
3701 2347 3722 2382 ‚
3770 2315 3983 2392 supra

525 2425 770 2521 ’eaput
821 2417 1098 2500 habens
1149 2415 1389 2495 Solem
1408 2475 1431 2510 ‚
1479 2415 1560 2495 h.
1597 2441 1664 2492 e.
1715 2415 1952 2494 lucem
2013 2419 2406 2519 Euangelii
2426 2475 2447 2511 ,
2496 2417 2631 2493 sub
2670 2417 2971 2520 pedibus
3034 2423 3315 2496 Lunam
3337 2437 3377 2513 ,·
3408 2421 3631 2520 Iegem
3664 2417 3987 2514 Prophe-

549 2549 822 2636 dcam·‚
870 2561 946 2622 et
993 2548 1068 2622 in
1117 2548 1350 2648 capite
1393 2535 1733 2619 coz-onam
1808 2567 1894 2617 12
1933 2543 2292 2618 stellarum
2317 2601 2340 2636 ‚
2407 2543 2515 2618 h.·
2542 2567 2609 2617 e.
2657 2544 3057 2643 Apostolos
3078 2599 3103 2638 ,
3178 2571 3357 2648 quae
3404 2545 3743 2622 nimirum
3787 2560 3988 2644 par-³

551 2667 868 2748 uniebat
910 2672 1104 2749 Jesu
1159 2668 1442 2747 Clu-isto
1485 2673 1840 2749 ‘civitatem
1885 2667 2296 2746 Romanam
2335 2667 2518 2771 (col.
2552 2667 2672 2767 2.)
2695 2727 2716 2762 ‚
2765 2668 2845 2746 id
2880 2685 3022 2748 est:
3074 2675 3252 2776 quae
3290 2672 3725 2767 enitebatur,
3772 2685 3857 2746 ut
3890 2671 3986 2746 ad

559 2789 1036 2872 Christianam
1109 2795 1517 2897 religionem
1593 2783 1950 2873 Romanos
2014 2795 2462 2898 perduceret.
2562 2795 2657 2870 At
2710 2795 2945 2872 Draco
2968 2853 2993 2890 ‚
3036 2797 3375 2874 Diabolus
3390 2855 3411 2891 ,
3460 2821 3739 2901 praeses
3784 2797 3985 2900 quasi

415 2959 428 2970 κ
552 2920 816 3001 Romae
835 2979 858 3016 ,
905 2921 1072 3002 huic
1109 2922 1395 3026 incepto
1439 2921 1754 3000 obstitit:
1801 2924 2086 3000 tentam
2116 2909 2605 3020 enimpanem
2646 2921 2965 2999 siderum
2997 2947 3241 3002 secum
3286 2929 3522 3010 auxit
3538 2980 3562 3021 ,
3612 2924 3791 3023 (col.
3816 2925 3937 3025 4.)
3956 2973 3986 3016 ,

556 3045 636 3123 h.
655 3071 726 3122 e.
755 3047 1034 3124 tertiam
1055 3102 1076 3139 ‚
1101 3069 1426 3144 magnum
1443 3093 1465 3134 ,
1491 3063 1771 3143 purtem
1801 3069 1965 3145 non-
1971 3045 2204 3148 plebis
2243 3060 2523 3124 tantum
2572 3046 2702 3122 sed
2734 3047 3156 3150 optimatum
3180 3075 3459 3157 quoque
3492 3064 3565 3127 et
3612 3050 3987 3127 doctorum

553 3165 820 3244 malitia
879 3165 1344 3248 cirmmvenit
1369 3223 1392 3260 ,
1439 3187 1580 3269 ope
1633 3161 1948 3242 satellitis
2013 3160 2128 3237 sui
2179 3165 2491 3238 Simonis
2551 3169 2784 3266 magt.
2878 3175 3005 3250 At.
3032 3175 3357 3256 Ecclesia
3414 3191 3659 3251 tamen
3700 3177 3983 3276 peperit

555 3302 668 3370 υἱὸν
705 3294 920 3394 ἆρρενα
947 3347 972 3386 ,
1037 3292 1175 3370 col.
1217 3293 1266 3369 5
1287 3349 1309 3382 ‚
1371 3291 1448 3366 h.
1491 3317 1594 3368 ω
1657 3291 2098 3378 nuntiatores
2153 3287 2529 3390 Euangelii
2550 3346 2573 3384 ,
2620 3303 2703 3366 ut
2744 3289 2998 3395 Aquila
3019 3348 3042 3385 ,
3090 3292 3412 3396 Apelles,
3490 3295 3656 3390 alii,
3719 3301 3983 3376 multos

557 3443 647 3495 ex
715 3418 1047 3495 Romanis
1109 3415 1204 3493 ad
1263 3415 1484 3493 fidem
1522 3415 1994 3492 Christianam
2029 3413 2560 3515 perduxerunt3
2610 3415 2782 3492 dum
2822 3417 3019 3494 Petri
3062 3417 3153 3494 ad
3192 3423 3723 3519 persuasionem
3758 3423 3985 3528 a‘ppo·

559 3545 892 3622 sitissima
927 3545 1150 3622 oratio
1189 3555 1462 3630 tantam
1505 3543 1770 3620 Romae
1817 3540 1967 3618 vim
2007 3537 2340 3616 habuerit
2358 3598 2383 3635 ‚
2429 3555 2517 3616 ut
2553 3541 2895 3619 Diabolus
2922 3596 2946 3635 ‚
2996 3543 3155 3620 scil.
3204 3549 3359 3645 ejus
3394 3545 3665 3622 satelles
3682 3605 3703 3642 ‚
3738 3550 3979 3630 Simon

555 3674 802 3774 Magus
827 3731 848 3766 ,
897 3669 1084 3746 nihil
1152 3669 1464 3765 valerem
1512 3696 1658 3776 quo
1701 3669 1888 3746 facto
1913 3725 1936 3762 ,
1982 3664 2206 3745 malus
2264 3668 2398 3743 iste
2450 3668 2719 3744 Genius
2783 3669 2917 3746 alia
2958 3669 3071 3748 via
3126 3670 3415 3748 incessit
3439 3727 3459 3765 ,
3510 3687 3615 3767 et,
3666 3674 3803 3752 col.
3850 3679 3936 3754 13
3958 3739 3979 3773 ‚

452 3873 456 3878 .
553 3797 916 3879 Neronem
951 3793 1320 3874 suscitavit
1333 3851 1375 3889 ,.
1409 3797 1558 3900 qui-
1579 3821 1712 3901 per
1735 3791 1960 3874 varias
2001 3807 2221 3871 terras
2248 3793 2677 3872 Christianos
2698 3772 3037 3900 dispersit
3056 3853 3077 3890 ‚
3119 3811 3193 3871 et
3240 3801 3433 3874 omni
3460 3823 3597 3901 ope
3623 3827 3699 3876 se
3724 3805 3979 3881 exstin-

559 3947 772 4024 guere
817 3921 1114 4002 studuit.
1233 3924 1432 4002 Haec
1503 3923 1679 4000 visio
1752 3923 2066 4026 pertinet
2131 3919 2220 3998 ad
2281 3919 2489 3996 colen
2545 3921 2657 3997 16.
2781 3927 2846 4000 A
2908 3923 3063 4018 colo
3130 3937 3361 3998 autem
3443 3949 3527 4024 ¹7
3602 3925 3699 4000 ad
3768 3931 3987 4006 finem

561 4073 788 4150 usque
857 4073 1014 4151 cap.
1059 4045 1276 4124 XIII.
1347 4047 1535 4124 mala
1597 4036 2099 4124 describuntur
2116 4087 2147 4141 ·‚
2191 4073 2372 4150 quae
2421 4049 2807 4126 Domitiani
2852 4063 2927 4126 et
2948 4050 3257 4152 Traiani
3300 4051 3736 4152 temporibus
3776 4047 3981 4138 Chri-

561 4175 814 4254 stianis
879 4173 1074 4250 illata
1125 4187 1311 4250 sunt.
1432 4171 1674 4250 Bellua
1733 4174 1946 4276 igitur
2005 4173 2138 4248 ista
2163 4231 2184 4268 ‚
2263 4175 2472 4251 XIII.
2534 4205 2559 4252 1
2594 4234 2617 4270 ,
2689 4191 2798 4252 est
2846 4178 3073 4280 imago
3122 4175 3581 4255 Idololatriae
3650 4177 3979 4256 habentis

560 4302 802 4381 decem
839 4325 1116 4381 comma
1145 4358 1166 4395 ‚
1219 4297 1290 4375 h.
1331 4326 1394 4376 e.
1425 4357 1449 4396 ‚
1497 4293 1761 4379 multos
1801 4301 2024 4402 Reges
2062 4299 2201 4376 sibi
2245 4303 2623 4379 servientes
2650 4361 2671 4398 ‚
2747 4318 2831 4380 ut
2878 4307 3101 4405 Reges
3144 4304 3470 4380 Thraciae
3494 4361 3515 4398 ‚
3568 4307 3934 4382 Armeniae
3956 4364 3977 4399 ‚

559 4443 740 4506 met.
767 4485 790 4520 ‚
851 4443 926 4506 et
966 4423 1234 4530 septeni
1273 4421 1516 4528 capita
1534 4483 1558 4525 ,
1633 4425 1894 4530 quibus
1939 4429 2073 4527 (ex
2125 4455 2282 4532 cap.
2332 4433 2613 4532 XVII.)
2682 4445 2755 4505 et
2810 4447 3080 4534 septem
3138 4431 3601 4532 Imperatores
3666 4434 3977 4516 Romani

562 4553 1027 4655 designantur
1052 4613 1075 4652 ,
1125 4568 1198 4631 et
1239 4569 1518 4656 septem
1569 4567 1846 4629 montes
1869 4612 1887 4649 ,
1941 4555 2200 4658 quibus
2267 4557 2555 4640 fundata
2623 4557 3249 4634 fuit·1dololatriae
3325 4555 3529 4632 sedes
3575 4561 3975 4662 praecipua.

568 4678 968 4782 Descriptio
1009 4693 1244 4758 autem
1263 4738 1284 4773 ‚
1336 4680 1474 4757 col.
1513 4705 1559 4756 2
1582 4739 1604 4776 ‚
1632 4681 1690 4777 4
1711 4739 1732 4774 ‚
1763 4679 1810 4756 5
1843 4739 1862 4774 ,
1885 4679 1936 4756 6
1957 4737 1978 4773 ,
2029 4682 2222 4758 illius
2245 4685 2705 4787 pertinaciam
2752 4697 2965 4786 atque
3003 4683 3363 4762 saevitiam
3402 4685 3729 4764 declarat.
3794 4687 3975 4763 uum

473 4817 486 4830 ’
563 4809 732 4886 'vero
771 4831 992 4886 unum
1049 4831 1136 4886 ex
1201 4806 1550 4914 capitibus
1621 4805 1886 4888 dicitur
1949 4809 2254 4888 excisum
2319 4812 2535 4888 fuisse
2560 4869 2581 4904 ,
2650 4811 3079 4914 significatur
3144 4809 3467 4918 capitolii
3516 4813 3927 4898 incendium
3954 4866 3979 4905 ‚

1659 4949 1666 4959 ‘
2424 4937 2501 5030 ,C
2546 4961 2593 5011 2
3780 4937 3974 5042 quod
