4825 5834
2087 420 2305 505 -—·3
2352 464 2452 491 ,-

542 648 881 755 anquam,
918 644 1071 745 *lam
1118 632 1312 731 mino
1354 644 1559 751 pacto
1612 656 1729 710 me
1775 626 2195 711 temeritatis
2236 646 2454 739 atque
2519 628 2948 737 arrogantiae
3005 636 3281 715 eiimen
3345 629 3722 717 demovere
3757 638 3816 719 k
3855 666 3976 719 me

514 790 549 841 ἢ
557 801 807 878 posse
854 772 997 847 nisi
1059 768 1352 843 omnino
1405 789 1755 867 exponam
1779 819 1798 857 ,
1872 788 2011 863 quo
2062 786 2226 837 casu
2292 746 2440 835 fere
2503 761 2766 837 invitus
2822 764 2902 837 in
2959 764 3184 839 hunc
3229 763 3470 841 locum
3535 763 3969 843 devenerim.

557 900 749 1023 liaeo
790 896 1005 997 igitur
1043 895 1391 995 accipite,
1441 890 1701 994 quibus
1740 914 1881 963 me
1892 888 2403 963 satisfacturum
2439 912 2589 962 esse
2621 915 2766 965 non
2805 916 3006 993 spero
3041 904 3359 989 tantum,
3411 894 3541 971 sed
3571 899 3872 975 confido.

651 1024 848 1115 Quae
900 1020 1329 1122 reliquarum
1367 1016 1846 1105 doctrinarum
1884 1014 2059 1087 ratio
2102 1026 2211 1085 est
2228 1070 2246 1105 ,
2297 1026 2386 1087 ut·
2415 1016 2637 1089 varias
2681 1016 2940 1091 habere
2979 1031 3214 1119 partes
3261 1036 3734 1117 mentitur,
3783 1052 3964 1127 quae

556 1150 932 1253 separatim
976 1145 1289 1247 singulae
1322 1140 1851 1249 quodammodo
1899 1139 2182 1215 tractari
2220 1140 2496 1241 possint
2523 1197 2541 1233 ‚
2592 1138 2844 1215 eadem
2907 1145 3126 1220 etiam
3179 1159 3296 1220 est
3337 1147 3756 1250 Theologiae
3781 1207 3800 1244 ,
3837 1175 3976 1227 eu-

556 1281 668 1375 jus
742 1276 845 1351 uti
889 1274 1065 1347 duae
1096 1288 1353 1376 ,partes
1399 1274 1476 1345 in
1516 1266 1972 1369 Philosophia
2004 1278 2370 1341 versantur
2402 1280 2477 1341 et
2518 1267 2823 1345 Historia
2847 1324 2870 1365 ‚
2919 1271 3018 1348 ita
3072 1277 3278 1349 tertia
3320 1276 3412 1350 ad
3449 1280 3718 1353 Literas
3755 1282 3970 1383 perti-

540 1418 699 1477 ·net.
820 1401 1036 1490 Mihi,
1088 1402 1163 1475 in
1224 1424 1466 1472 earum
1516 1398 1804 1499 quaque
1828 1453 1846 1487 ,
1912 1406 2261 1496 quantum
2322 1416 2456 1495 per
2501 1394 2690 1470 vires
2745 1394 2982 1491 licuit,
3057 1399 3438 1476 elaboranti
3459 1456 3489 1496 -‚
3545 1428 3828 1509 semper
3866 1422 3968 1487 ta-

541 1554 715 1603 ·men
779 1526 882 1602 ita
944 1528 1178 1600 arrisit
1236 1524 1488 1599 ultima
1530 1581 1550 1616 ,
1624 1536 1707 1597 ut
1736 1579 1755 1615 ,
1834 1547 2047 1623 qnam
2104 1525 2165 1593 a·
2213 1534 2651 1598 caeterarum
2725 1525 2957 1601 studio
3037 1526 3404 1604 detrahere
3473 1532 3626 1607 sine
3689 1533 3964 1609 damno

540 1652 789 1755 potui,
858 1627 1013 1728 eam
1070 1674 1359 1753 operam
1424 1652 1629 1725 unice
1691 1650 1769 1722 in
1824 1645 2007 1721 banc
2031 1704 2049 1740 ‚
2114 1646 2323 1725 velut·
2370 1650 2454 1723 in
2521 1648 2810 1725 delicias
2871 1677 3101 1745 meas,
3179 1656 3622 1733 contulerim.
3739 1661 3952 1754 Quod

530 1804 806 1881 quaeso
870 1782 1031 1878 quis
1100 1777 1472 1853 mirabitur
1492 1832 1512 1867 ,
1584 1777 1711 1879 qui
1757 1775 2041 1883 nomina
2111 1798 2365 1848 eorum
2408 1786 2492 1847 et
2545 1777 2801 1851 merita
2849 1802 3094 1852 secum
3129 1779 3508 1855 recoluerit
3531 1840 3552 1875 ‚
3603 1784 3726 1885 qui
3775 1786 3956 1860 mihi

536 1904 624 1979 Tin
682 1905 811 1979 hac
875 1918 1022 1979 alte
1074 1902 1291 1977 duces
1350 1904 1541 1975 fuere
1596 1914 1668 1973 et
1704 1899 2191 2002 impulsores?
2291 1899 2491 1974 Hinc
2573 1902 2772 1975 enim
2815 1903 3080 1978 institit
3112 1902 3517 1998 Voorstiusg
3568 1910 3965 1987 immortale

534 2014 960 2131 'disciplinae
986 2086 1005 2119 ‚
1054 2053 1267 2130 quam
1305 2026 1709 2126 profitetur,
1766 2025 1980 2098 decus
2025 2038 2237 2127 atque
2275 2036 2810 2118 ornamentum,
2863 2020 2988 2131 qui
3017 2029 3256 2103 neseio
3301 2042 3540 2105 utrum
3590 2034 3812 2133 magis
3853 2036 3946 2109 ob

536 2155 876 2229 *eximiam
918 2150 1414 2227 liberalitatem
1470 2148 1846 2240 colendus,
1902 2176 1994 2224 an
2014 2150 2288 2249 {insigni
2336 2150 2735 2225 eruditione
2785 2165 2858 2225 et
2885 2156 3328 2229 sanctissima
3385 2171 3748 2236 senectute
3781 2187 3943 2259 gra-

538 2282 650 2355 vis
699 2282 810 2358 sit.
908 2278 1071 2372 1111,
1121 2302 1241 2353 oro
1272 2336 1293 2373 ,
1342 2274 1756 2368 decernant,
1801 2275 1929 2381 qui
1970 2274 2181 2349 mult-i
2220 2290 2516 2351 numero
2547 2282 2706 2351 rara
2751 2278 2983 2353 virum
3021 2266 3444 2381 praestantia
3472 2285 3786 2382 quotidie
3823 2286 3945 2359 ad-

526 2390 781 2480 mirari
807 2464 826 2498 ,
869 2419 950 2479 et
1006 2390 1294 2497 easdem
1340 2406 1637 2479 ⁴virtutes
1676 2427 1823 2476 non
1855 2400 2061 2474 laude
2114 2403 2499 2503 prosequi,
2549 2400 2678 2476 sed
2705 2400 2844 2477 late
2896 2406 3248 2481 celebrare
3295 2408 3558 2482 solent:
3619 2436 3744 2509 ego
3778 2436 3942 2485 vero

528 2530 613 2605 id
643 2558 867 2605 unum
910 2538 1169 2619 testor,
1219 2541 1485 2601 tantam
1528 2530 1676 2601 vim
1710 2528 1978 2602 monita
2042 2530 2234 2625 ejus,
2288 2526 2678 2602 amabiliter
2719 2542 2791 2603 et
2849 2531 2939 2604 ad
2997 2535 3522 2633 persuasionem
3541 2536 3960 2635 §appositis-2

530 2656 669 2732 nie
708 2658 902 2748 data,
978 2658 1053 2729 in
1109 2655 1424 2727 animum
1467 2676 1707 2725 meum
1744 2650 2083 2726 babuisse
2107 2708 2125 2743 ,
2193 2666 2321 2744 ub,
2362 2656 2435 2729 tsi
2485 2653 2970 2757 obtemperare
3029 2661 3196 2733 satis
3250 2661 3667 2760 potuissem,
3717 2675 3934 2736 ‘certe
4007 2762 4016 2767 ἢ

532 2774 887 2873 ‘Graecum
962 2778 1151 2865 Sacri
1220 2774 1503 2851 Codicis
1562 2772 1894 2851 volumen
1942 2800 2085 2849 non
2136 2788 2254 2849 ter
2311 2792 2432 2852 aut
2507 2794 2754 2881 quater
2819 2786 2862 2854 a
2909 2806 3023 2855 me
3091 2782 3363 2857 lectum
3384 2843 3404 2877 ,
3453 2785 3576 2857 sed
3625 2812 3754 2859 usu
3783 2793 3928 2889 jam

528 2892 780 2981 tritum
830 2906 1097 2982 fuisset.
1194 2902 1397 2977 Illinc
1444 2924 1682 2978 ursere
1738 2900 2136 2994 duumviri,
2200 2902 2514 2979 Palmius
2561 2920 2632 2979 et
2703 2905 3180 3000 Hamakerus,
3248 2924 3328 2982 ut
3393 2904 3632 3013 (quod
3699 2912 3924 2988 Voor-

522 3038 706 3109 stius
747 3060 879 3137 pro
930 3033 1277 3135 sapientia
1339 3034 1459 3106 sua
1480 3030 1688 3102 simul
1728 3028 2231 3130 requisiverat
2286 3044 2405 3104 aut
2439 3056 2562 3103 suo
2612 3030 2898 3122 saltem,
2949 3032 3434 3131 perfectissimi
3476 3038 3919 3154 interpretis,

518 3158 851 3261 exemplo
909 3158 1369 3235 vehementer
1400 3152 1982 3252 commendabat)
2049 3164 2132 3228 ut
2180 3148 2391 3251 igitur
2437 3155 2512 3228 in
2573 3154 2787 3229 alterii
2857 3088 3042 3230 illius
3097 3156 3376 3231 Codicis
3437 3173 3640 3261 parte
3660 3218 3680 3255 ,
3741 3191 3920 3264 quae

518 3290 877 3364 Hebraice
934 3290 1329 3391 conscripta
1386 3296 1535 3379 est,
1586 3300 1731 3359 non
1786 3288 2139 3359 minorem
2184 3282 2620 3383 diligentiam
2677 3305 3054 3385 ponerem3
3091 3308 3324 3383 neque
3363 3283 3443 3357 id
3478 3299 3806 3381 eatenus,
3844 3304 3934 3375 ut

516 3430 703 3525 quae
716 3418 1029 3491 faciliora
1056 3418 1209 3491 sint
1232 3473 1249 3506 ‚
1274 3417 1423 3488 sine
1453 3405 1706 3511 magno
1734 3410 1969 3485 labore
2004 3388 2513 3507 intelligerem3
2542 3407 2665 3481 sed
2701 3406 2884 3480 ultra
2916 3408 3126 3481 etiam
3143 3432 3296 3481 esse
3323 3409 3777 3489 enitendum:
3805 3417 3920 3491 fa-

508 3534 989 3631 miliaritatem
1033 3538 1587 3617 contrahendam
1620 3562 1793 3637 ‚cum
1834 3536 2159 3612 universo
2208 3532 2676 3607 Orientalium
2704 3532 2910 3619 stilo,
2947 3532 3374 3635 dicendique
3393 3537 3661 3632 colore3
3689 3541 3928 3617 addis-
4050 3606 4056 3613 .

507 3668 781 3743 ‘cendas
847 3668 1157 3743 Arabum
1215 3682 1288 3740 et
1340 3668 1671 3767 Syrorum
1733 3656 2003 3763 linguas
2027 3719 2046 3754 ,
2138 3684 2368 3762 neque
2427 3661 2504 3732 in
2577 3684 2818 3732 eorum
2875 3656 3099 3732 literis
3151 3658 3366 3735 licere
3400 3676 3410 3685 ’
3439 3676 3706 3739 tantum
3765 3696 3920 3743 me.

506 3794 851 3885 *diocriter
890 3807 1243 3869 versatum
1279 3820 1456 3867 esse:
1511 3792 1611 3864 sic
1677 3786 1968 3864 demum
2010 3788 2203 3866 viam
2256 3774 2560 3875 muniri,
2613 3786 2716 3857 uti
2775 3784 3104 3859 universe
3161 3784 3252 3857 ad
3317 3780 3691 3865 scientiam
3737 3795 3917 3869 mul-

508 3919 869 4019 tiplieem‚
920 3923 1017 3993 ita
1066 3944 1341 4021 quoque
1385 3917 1477 3989 ad
1542 3916 1865 3989 sublimia
1924 3914 2043 3988 illa
2102 3911 2587 4027 Hebraeorum
2645 3912 2918 3986 oracula
2967 3936 3052 3984 ex
3095 3936 3264 3986 vero
3317 3916 3784 4012 aestimanda,
3841 3936 3913 4003 et

508 4037 1052 4143 impeditissima
1101 4060 1416 4145 quaeque
1462 4033 1749 4113 feliciter
1780 4034 2136 4115 solvenda.
2235 4035 2619 4111 Dubitasne
2647 4060 2841 4136 ergo,
2869 4062 2958 4110 an
3011 4049 3082 4110 et
3118 4036 3370 4111 horum
3424 4043 3560 4115 sim
3615 4047 3908 4125 consilia

506 4185 839 4243 secutus.
824 4168 855 4224 P
951 4167 1198 4261 Quid?
1250 4190 1456 4269 quos,
1524 4167 1661 4267 qua
1714 4162 1853 4267 late
1924 4160 2122 4267 patet
2172 4178 2291 4238 aut
2343 4163 2672 4239 universa
2723 4164 3206 4239 doctrinarum
3259 4166 3706 4269 respublica,
3777 4186 3900 4249 aut

508 4308 707 4369 *certe
764 4296 1033 4395 patriae
1086 4290 1533 4366 humanitatis
1592 4258 1812 4363 honos
1835 4344 1860 4383 ,
1928 4294 2069 4365 una
2148 4314 2391 4365 omnes
2465 4290 2796 4389 religione
2858 4304 3283 4367 venerantur
3343 4303 3415 4365 et
3459 4296 3854 4396 suspiciunt
3877 4352 3899 4393 ,

508 4418 787 4492 mihine
826 4420 1005 4494 vel
984 4448 1063 4495 m
1111 4433 1421 4493 mentem
1462 4416 1733 4515 venisse
1779 4429 1985 4519 putas
2034 4418 2285 4492 horum
2338 4420 2614 4495 monita
2649 4432 2722 4493 et
2777 4441 2978 4492 curas
3025 4430 3513 4491 contemnere.
3493 4420 3531 4475 P
3629 4422 3782 4498 Nae
3825 4438 3902 4501 tu

500 4525 793 4637 inercie,
842 4548 965 4646 qui
1009 4547 1104 4619 ita
1146 4544 1454 4647 potuisse
1498 4544 1660 4617 fieri
1708 4542 2104 4638 existimas,
2156 4544 2269 4619 vel
2306 4566 2674 4646 nunquam
2719 4568 2834 4616 eos
2906 4541 3157 4616 videris
3186 4598 3204 4631 ‚
3262 4542 3366 4617 vel
3431 4545 3510 4619 in
3570 4559 3714 4627 toto
3765 4548 3900 4625 hoe

496 4670 899 4747 >studiorum
964 4696 1211 4772 genere
1282 4669 1535 4769 hospes
1600 4671 1735 4763 sis,
1808 4694 2094 4745 necesse
2158 4683 2289 4747 est.
2384 4670 2774 4770 Utriusque
2831 4668 3025 4743 enim
3077 4664 3206 4740 tibi
3253 4670 3436 4767 finge
3483 4670 3900 4771 imaginem,

502 4796 617 4873 vel
660 4782 894 4903 potins
946 4798 1110 4903 pe‘te
1160 4824 1199 4872 e
1223 4798 1561 4899 scriptis:
1603 4796 1797 4877 illius
1825 4854 1844 4890 ,
1896 4808 2229 4908 tanguam
2300 4824 2517 4871 succo
2553 4809 2646 4905 ‘et
2705 4794 3040 4894 sanguine
3105 4795 3302 4899 pleni
3327 4856 3348 4888 ,
3407 4798 3486 4877 in
3547 4814 3920 4893 venustate,

2392 4926 2456 4996 A
2503 4945 2548 4993 2
3763 4928 3901 5002 ele-
