4825 5834
2380 448 2495 509 'n-
2524 431 2641 517 44
2687 481 2787 501 -

869 641 1150 727 deiitate
1199 648 1278 721 i'n
1315 643 1621 750 reliquos
1657 644 1704 722 J·
1703 671 1824 719 esu
1867 641 2172 720 cultores
2228 645 2559 750 saevierit
2582 703 2601 738 ,
2650 648 2751 724 ita
2802 646 3041 748 ipsum
3076 650 3378 751 'poetam
3448 652 3531 728 in
3582 651 3903 731 exsilium
3947 653 4303 760 relegun-

869 777 1000 868 rit3
1060 774 1232 848 huic
1282 797 1452 848 vero
1512 769 1637 845 uhi
1698 767 1998 845 eandem
2045 771 2342 866 formam
2369 769 2641 844 ·tril>nit
2664 826 2685 864 ,
2756 773 2889 847 col.
2940 801 2973 848 r
3003 830 3024 867 ,
3076 801 3291 877 quam
3334 801 3545 878 supra
3566 779 3931 874 -Satanae,
3981 783 4153 860 ΧΠ.
4204 783 4301 878 3,

875 898 1038 976 natis
1095 894 1466 998 perspicue
1531 910 1818 999 apparet
1843 954 1862 989 ,
1914 919 2082 970 eum
2140 896 2537 996 significare
2564 952 2586 989 ,
2650 897 2882 970 virum
2944 897 3157 973 istum
3219 926 3439 1002 aeque
3502 901 3983 984 truculentum
4026 931 4105 981 se
4136 931 4297 1008 ge·-

872 1022 1041 1096 sisse
1074 1076 1096 1112 ,
1148 1031 1358 1124 atque
1403 1021 1636 1124 ipsum
1683 1021 1880 1096 hunc
1915 1021 2261 1095 marorum
2299 1019 2687 1094 Geniorum
2722 1021 3163 1124 principem:
3210 1026 3409 1129 quod
3452 1027 3533 1100 in
3590 1025 3745 1099 colo
3780 1052 3825 1100 2
3868 1030 4293 1120 enucleatius

878 1147 1090 1220 etiam
1150 1158 1224 1222 et
1275 1144 1374 1219 ad'
1429 1159 1774 1222 terrorem
1823 1144 2310 1240 incutiendum
2375 1146 2901 1246 appositissime
2957 1147 3267 1223 additur.
3366 1149 3541 1223 Colo
3608 1163 3840 1232 autem
3876 1151 3923 1224 3
3947 1209 3968 1244 ,
4029 1157 4107 1229 in
4146 1183 4287 1260 qm

877 1285 986 1376 μία
1037 1280 1106 1346 ἐκ
1166 1289 1278 1348 τῶν
1335 1279 1592 1374 κεφαλῶν
1643 1279 1810 1346 αὖτοΰ
1869 1285 1944 1357 ὥς
2017 1279 2338 1371 ίσφαγμέϋη
2379 1279 2457 1356 εἷς
2537 1277 2772 1346 θάνατον
2821 1271 3082 1346 dicitur
3101 1327 3122 1364 ‚
3177 1286 3247 1346 et
3290 1285 3329 1358 ἡ
3390 1279 3581 1373 πληγὴ
3632 1280 3799 1352 αὑτοῦ
3836 1281 4293 1380 &spemn-Omen,

865 1395 1042 1476 haec
1091 1399 1442 1478 sententia
1503 1397 1787 1472 subesse
1844 1393 2160 1488 videtur,
2209 1393 2402 1496 quod
2461 1395 2909 1471 Proconsulis
2964 1397 3160 1472 istius
3216 1397 3593 1472 auotoritas
3616 1455 3636 1490 ,
3686 1423 3853 1473 eum
3870 1449 3891 1478 .
3942 1399 4291 1480 incertum

866 1525 1008 1632 qua
1045 1520 1138 1598 de
1173 1524 1382 1598 causa
1409 1579 1430 1614 ,
1481 1523 1559 1595 in
1599 1521 1913 1596 Caesaris
1957 1520 2199 1595 odium
2233 1521 2644 1630 incurrisset
2668 1578 2689 1616 ,
2738 1534 2858 1599 aut
2880 1521 3157 1598 ademta
3182 1522 3545 1625 paulisper
3582 1535 3705 1599 aut
3736 1525 4111 1600 imminuta
4140 1528 4289 1604 huc·

873 1649 1012 1742 rit,
1061 1647 1190 1758 sed
1239 1673 1405 1723 mox
1447 1647 1523 1721 i'n
1563 1649 1943 1748 pristmum
1982 1642 2354 1721 restituta!
2393 1649 2595 1740 Quae
2635 1645 2808 1722 colis
2858 1648 3103 1723 5-10
3164 1663 3555 1752 sequuntur
3574 1705 3594 1740 ,
3652 1650 3967 1724 ornatius
4016 1647 4290 1730 deseri-

867 1773 1054 1848 -bunt
1094 1773 1413 1874 ejuscrem
1433 1773 1792 1878 saevitiam
1822 1785 1896 1845 et
1927 1771 2366 1846 Idololatriae
2390 1769 2703 1846 studium
2728 1771 3455 1869 vehementissimum3
3476 1800 3557 1848 ac
3606 1785 3887 1875 tempus
3908 1772 4286 1850 definitum

863 1899 1074 1977 XLII
1129 1899 1480 1978 mensium
1505 1950 1524 1985 ,
1575 1895 1708 1971 col.
1755 1893 1801 1970 5
1830 1952 1850 1987 ,
1899 1895 2202 1988 indicat,
2249 1895 2674 1972 immensam
2714 1895 2910 1972 illam
2943 1911 3369 2000 potestatem
3392 1957 3415 1994 ,
3455 1903 3503 1975 a
3552 1899 3805 1975 satana
3836 1922 4283 1992 concessam,

870 2050 1016 2100 non
1043 2022 1179 2096 nisi
1220 2047 1351 2126 per
1390 2019 1607 2096 breve
1648 2022 1950 2124 spatium
1988 2021 2076 2097 ab
2123 2021 2262 2096 hoc
2307 2033 2705 2096 sustentum
2728 2003 2849 2097 iri.
2888 2023 3042 2098 Nec
3065 2049 3265 2123 rogas
3298 2048 3471 2099 sane
3503 2073 3532 2114 ‚
3579 2019 3671 2098 an
3710 2047 3877 2098 eum
3910 2023 4122 2124 hujus
4152 2051 4287 2100 no·

874 2150 1066 2225 mine
1119 2148 1492 2223 conveniat
1542 2173 1882 2222 numerus
1913 2204 1936 2241 ,
2011 2148 2135 2250 qui
2203 2147 2282 2223 in
2341 2145 2500 2224 colo
2556 2153 2643 2227 18
2697 2146 3015 2253 adjectus
3073 2149 3203 2241 sit;
3256 2149 3369 2224 uti
3414 2148 3609 2223 enim
3642 2147 3835 2222 nuda
3879 2151 4287 2253 conjectura

867 2281 1108 2372 ipsum
1169 2276 1410 2348 vir-um
1447 2275 1807 2347 exstitisse
1867 2270 2208 2365 efficitur,
2264 2269 2360 2348 ita
2403 2287 2595 2349 certe
2655 2299 2920 2349 nomen
2965 2259 3113 2376 ejus
3150 2273 3409 2349 frustra
3462 2272 3905 2375 exquireres!
3956 2314 4057 2334 --
4124 2273 4172 2348 J
4172 2296 4293 2350 am

868 2425 1030 2482 vero
1071 2399 1362 2474 alterum
1409 2407 1813 2498 portentum
1833 2455 1854 2490 ,
1903 2399 2036 2473 col.
2085 2423 2110 2474 ι
2134 2422 2161 2473 ι
2210 2421 2410 2500 seqq.
2439 2452 2461 2491 ,
2510 2395 2697 2472 ultro
2735 2396 3013 2475 videbis
3042 2455 3063 2492 ,
3114 2383 3267 2474 esse
3312 2397 3767 2474 Proconsulis
3811 2399 4015 2473 istius
4062 2399 4283 2474 satel-

875 2524 1070 2600 litem
1107 2522 1467 2628 quenffam
1493 2521 1865 2596 scerestum
1910 2511 2117 2624 atque
2155 2521 2580 2598 malitiosum
2602 2581 2626 2616 ,
2670 2521 2972 2599 similem
3016 2523 3196 2598 illius
3243 2525 3401 2597 Bar
3426 2525 3607 2598 Jesu·
3624 2575 3645 2614 ,
3694 2523 3820 2624 qui
3860 2523 4072 2624 Cypri
4113 2525 4287 2597 ‚Pro-

869 2625 1234 2728 'ctmsulem
1254 2706 1275 2741 ,
1320 2647 1639 2747 Sergium
1663 2647 1960 2723 Paulum
1985 2703 2006 2739 ,
2053 2643 2416 2723 fraudibus
2447 2647 2595 2722 suis
2639 2646 3178 2725 circumvenisse
3212 2647 3467 2746 iegitur
3488 2703 3509 2739 ,
3544 2647 3701 2721 Act.
3734 2643 3959 2720 XIII.
3994 2643 4049 2719 6
4083 2671 4281 2750 seqq.

869 2775 1107 2876 Hujus
1157 2774 1370 2874 igitur
1436 2786 1622 2846 artes
1649 2828 1670 2863 ,
1721 2771 2094 2846 ostentatio
2127 2827 2149 2863 ,
2221 2797 2308 2846 ac
2359 2773 2773 2874 praestigiae
2834 2774 2995 2848 colo
3035 2800 3062 2847 1
3078 2801 3121 2848 ιι
3186 2798 3381 2876 seqq.
3430 2774 3721 2873 figurate
3786 2769 4287 2871 depinguntur.

979 2900 1098 2975 Sic
1141 2898 1286 2974 bile
1352 2899 1482 2972 su'a
1554 2897 1814 2970 acriter
1861 2896 1938 2969 in
1989 2895 2364 2971 inimicum
2434 2896 2708 2972 huncce
2770 2897 2993 2973 effusa
3020 2955 3043 2990 ,
3086 2922 3251 2973 mox
3316 2910 3507 2972 vates
3565 2895 3657 2971 ad
3696 2893 3931 2996 ipsius.
3956 2893 4247 2995 Imperii
4266 2949 4299 2984 r

871 3029 1076 3127 euius
1121 3023 1244 3100 ille
1287 3011 1676 3126 particulae
1739 3029 2090 3123 praeesset
2117 3077 2138 3111 ,
2184 3019 2555 3095 interitum
2615 3020 3174 3122 praedicendum
3226 3023 3475 3124 pergit.
3570 3021 3797 3096 Hunc
3837 3031 4072 3094 autem
4131 3044 4289 3098 car-

873 3153 1088 3228 minis
1153 3149 1386 3226 locum
1407 3205 1426 3240 ,
1476 3150 1518 3222 a
1566 3173 1730 3246 cap.
1771 3141 2232 3221 XIV—XVI
2245 3195 2274 3236 ,
2317 3141 2682 3247 explicans
2701 3199 2724 3236 ,
2742 3141 2753 3152 ’
2768 3159 2917 3220 tam
2960 3171 3199 3248 presse
3267 3143 3755 3262 {Iemriohshis
3822 3143 4283 3222 Eichomium

872 3289 1150 3353 secutus
1211 3288 1320 3349 est
1335 3331 1354 3366 ,
1417 3283 1541 3364 ut,
1591 3269 1788 3374 quod
1827 3269 1920 3344 ad
1977 3269 2378 3348 universam
2434 3281 2625 3344 certe
2685 3273 3104 3346 sententiam
3144 3269 3427 3360 attinet,
3472 3268 3661 3344 nihil
3730 3269 3873 3343 sere
3920 3269 4299 3371 proprium*

849 3405 957 3484 ‘in
1005 3407 1158 3500 ejus
1205 3387 1710 3473 commentario
1773 3393 1971 3473 insit.
2031 3393 2339 3470 ·Moneo
2373 3403 2649 3468 tantum
2676 3450 2699 3485 ,
2747 3419 2913 3470 eum
2974 3408 3279 3490 statuere
3348 3392 3572 3470 videri
3601 3452 3622 3487 ,
3670 3420 3827 3495 cap.
3873 3394 4078 3472 XIV.
4116 3419 4189 3497 9τ
4210 3405 4285 3470 et

887 3551 914 3602 ι
937 3551 962 3600 ι
1017 3521 1334 3623 ejusdem
1379 3526 1564 3620 θηρίου
1603 3520 1893 3594 nomine
1916 3572 1937 3608 ,
1959 3517 2165 3593 latius
2195 3531 2427 3594 sumto
2451 3578 2472 3612 ,
2514 3519 3003 3595 Idololatriam
3048 3519 3391 3622 exprimi3
3445 3529 3519 3592 at
3552 3517 3835 3618 qualem
3882 3518 4237 3595 notionem
4260 3574 4283 3611 ,

874 3677 1030 3752 cap.
1061 3645 1268 3723 ΧΠ.
1322 3669 1410 3719 ιο
1461 3627 1546 3716 et·
1591 3645 1675 3718 13
1697 3699 1718 3735 ,
1765 3640 2012 3719 eidem
2048 3642 2475 3746 subjecerit,
2514 3642 2899 3721 decernere
2942 3669 3093 3722 non
3114 3644 3379 3722 ausim.
3438 3639 3708 3716 Vereor
3756 3643 3951 3717 enim
3974 3699 3995 3735 ,
4044 3654 4128 3716 ut
4169 3665 4301 3717 vo-

847 3775 1092 3854 'luerit
1141 3769 1306 3847 satis
1353 3765 1682 3868 intelligi.

963 3901 1212 4002 Itaque
1257 3899 1708 4001 pervenimus
1745 3893 1841 3970 ad.
1879 3906 2092 3998 caput
2131 3895 2350 3971 xvn·
2370 3951 2389 3986 ,
2441 3893 2537 3970 de
2582 3919 2722 3999 quo
2776 3893 2979 3998 plura
3024 3908 3204 3970 sunt·
3237 3894 3317 3968 in
3366 3891 3605 3969 medio
3627 3891 3975 3996 ponenda.
4074 3891 4287 3968 Nam·

874 4049 1038 4128 que·
1061 4023 1376 4126 puellam
1438 4020 1730 4127 quidem
1789 4020 2282 4114 meretricem,
2331 4019 2469 4096 col.
2526 4047 2629 4116 ι
2664 4021 2923 4096 Romae
2986 4045 3366 4123 personam
3396 4044 3609 4118 agere
3626 4076 3647 4110 ,
3691 4017 3947 4095 lubens
3985 4017 4286 4097 Eichor-

873 4151 998 4225 nio
1033 4151 1428 4245 concessit;
1480 4163 1564 4225 at
1605 4174 1804 4251 quae·
1816 4146 1910 4222 de
1961 4147 2192 4223 bellua
2235 4147 2637 4238 adduntur,
2688 4145 2899 4252 plane
2950 4169 3149 4218 secus
3187 4169 3265 4218 se
3300 4143 3629 4242 expedire
3668 4141 3961 4218 studuit.
4054 4141 4285 4219 Nimi-

875 4301 1036 4350 rum
1077 4273 1256 4351 haec
1321 4273 1666 4380 ejusmodi
1734 4297 1887 4346 esse
1951 4272 2327 4373 judicavit,
2397 4285 2497 4348 ut
2546 4269 2852 4346 dubitari
2914 4267 3031 4340 vix
3095 4265 3311 4365 possit
3334 4317 3361 4356 ‚
3410 4269 3555 4365 jam
3600 4267 3731 4339 hac
3780 4267 4003 4364 figura
4048 4267 4097 4337 a
4133 4277 4287 4338 vate

881 4395 1313 4500 descriptum
1355 4423 1507 4474 esse
1555 4423 1914 4472 summum
1959 4396 2169 4470 istum
2232 4397 2381 4472 veri
2444 4395 2580 4470 Dei
2624 4391 2859 4468 cultus
2910 4390 3433 4485 adversarium,
3484 4390 3870 4463 Satanam
3851 4414 4121 4488 ipsum,
4162 4389 4315 4490 qui.

876 4521 1238 4623 enp.x11
1261 4525 1336 4597 in
1388 4549 1723 4615 scenam,
1771 4520 2018 4596 eadem
2073 4521 2220 4594 fere
2279 4520 2515 4622 specie
2541 4572 2570 4617 ,
2636 4509 3031 4621 prodiisset.
3130 4513 3263 4588 Oui
3314 4527 3503 4588 certe
3552 4514 3859 4586 Romana
3909 4511 4142 4586 urbs
4120 4505 4286 4584 msi-
4316 4567 4325 4573 .

876 4642 1050 4728 dere
1091 4661 1613 4746 peropportune
1653 4646 1994 4746 fingitur.
2042 4644 2149 4719 uti
2189 4645 2381 4719 enim
2425 4643 2597 4718 haec
2656 4643 2977 4715 omnium
3022 4653 3409 4730 terrarum,
3458 4638 3781 4740 {quarum
3814 4635 4081 4728 incolae
4122 4631 4283 4708 Itb-

877 4765 950 4859 h
987 4767 1548 4866 venerabantur,
1591 4765 2135 4880 princeps-erat
2174 4769 2537 4869 et-regina
2560 4796 2614 4851 ε..
2634 4770 2729 4844 ita
2766 4763 3293 4848 Idololatriam
3310 4765 3655 4844 ,Satanam
3706 4761 3953 4842 referri
3981 4757 4277 4841 ,solebat-
