4825 5834
1954 882 3226 915 *ου-ΟΜ*-

1687 1230 2341 1343 PARS
2501 1150 3442 1351 ῘΡιιίοΒ,

1052 1488 1269 1624 ’ΒΕ
1351 1494 2079 1628 ιιιάυΜΕΝτο
2168 1540 2321 1746 Eg
2410 1542 2562 1617 DE
2625 1538 3296 1743 ΞξὲἔΕΝιιι
3353 1510 3677 1630 ιιιιιιι
3757 1480 4082 1635 Apo-³
4215 1492 4232 1639 ⁶.

2314 1668 2606 1747 ALYP
2904 1721 2922 1741 .

712 2358 724 2369 ·
820 2403 830 2413 ,
878 2260 1039 2397 Ac
1090 2318 1269 2394 forte
1295 2376 1314 2411 ‚
1362 2314 1486 2421 qui
1556 2314 1743 2400 hanc
1794 2296 2347 2418 ,inscriptionem
2410 2305 2788 2387 attenderit
2812 2368 2833 2399 ,
2883 2310 3122 2387 statim
3183 2336 3300 2387 me
3359 2308 3846 2416 peu-ceturam
3925 2323 4278 2405 existimet

872 2421 965 2519 ad
1025 2421 1200 2519 illud
1266 2436 1839 2553 pertractandum
1865 2498 1887 2534 ,
1934 2438 2128 2543 quod
2190 2448 2403 2540 caput
2459 2438 2566 2513 rei
2625 2440 2717 2512 sit
2731 2464 2759 2551 ο;
2811 2438 3176 2531 videlicet,
3223 2452 3304 2514 ut
3359 2442 3556 2545 quod
3619 2471 3862 2521 verum
3911 2474 4064 2527 esse
4129 2455 4277 2555 ipse

876 2572 1267 2647 censuerim
1286 2630 1307 2665 ,
1354 2570 1658 2647 breviter
1724 2566 1799 2643 in
1839 2565 2075 2642 medio
2125 2592 2413 2669 ponam.
2500 2564 2686 2641 Nec¹
2715 2564 3031 2667 profecto
3100 2576 3222 2639 aut
3277 2588 3477 2665 aegre
3539 2568 3614 2643 id
3657 2594 4070 2677 exsequerer
4087 2633 4108 2671 ,
4157 2592 4280 2657 aut

880 2699 1210 2775 fiasiorem
1272 2699 1543 2773 hancce
1573 2754 1595 2789 ,
1642 2722 1823 2799 quae
1878 2721 2071 2769 nunc
2124 2692 2393 2794 placuit
2410 2749 2431 2785 ,
2499 2692 2912 2795 disputandi
2969 2692 3316 2767 rationem
3369 2695 3590 2771 animi
3649 2704 3853 2777 causa
3915 2704 4284 2805 praetulis-

876 2850 1073 2919 sem5
1124 2838 1197 2900 at
1230 2836 1670 2899 momentum
1713 2819 1822 2894 rei
1858 2819 2025 2893 fecit
2062 2830 2292 2891 metus
2308 2872 2329 2907 ,
2362 2841 2457 2890 nc
2501 2830 2766 2891 temere
2805 2818 3084 2895 viderer
3117 2817 3350 2894 labem
3389 2821 3812 2901 immeritam
3857 2829 4279 2931 adspersisse

878 2952 1229 3054 plerisque
1286 2947 1787 3052 interpretibus
1806 3004 1825 3041 ,
1879 2945 2003 3051 qui
2053 2944 2159 3017 in‘
2189 2941 2383 3017 hunc
2427 2942 2694 3019 librum
2753 2943 3273 3047 explanandum
3333 2970 3536 3021 curas
3588 2975 3748 3025 suas
3809 2954 4281 3033 contulerunt.

875 3078 1085 3175 Quod
1128 3078 1234 3155 uti
1280 3076 1536 3178 cuique
1595 3073 1873 3148 horrori
1922 3085 2076 3163 est,
2128 3070 2252 3172 qui
2287 3069 2580 3144 aliorum
2617 3070 2837 3146 soleat
2894 3069 3449 3147 celebratissimis
3491 3076 3892 3153 nominibus
3949 3106 4238 3182 parcere
4255 3108 4280 3155 ι

876 3204 972 3279 ita
1014 3204 1234 3295 mibi,
1282 3204 1409 3304 qui
1452 3199 1713 3275 invitus
1752 3221 1839 3270 eo
1876 3193 2179 3285 deveni,
2228 3204 2311 3266 ut
2376 3216 2553 3293 quos
2595 3198 3044 3301 caeteroquin
3113 3224 3390 3273 summe
3455 3225 3748 3279 veneror
3803 3219 4013 3308 atque
4063 3206 4283 3310 suspi⁴

876 3330 1028 3421 cio,
1074 3327 1209 3401 hos
1258 3326 1470 3402 etiam
1502 3322 1757 3399 erroris
1810 3319 1930 3391 hic
1962 3316 2352 3417 arguerim,
2400 3339 2550 3421 non
2589 3328 2867 3395 tantum
2903 3322 3310 3425 inexpiabili
3347 3324 3528 3402 foret
3573 3326 3937 3429 religioni,
3983 3330 4169 3407 sed
4151 3357 4282 3405 ιιιι·

878 3455 1171 3557 peritiae
1215 3450 1425 3525 simul
1468 3446 1802 3551 nullaque
1852 3444 1944 3521 de
2009 3446 2215 3521 causa
2253 3424 2560 3547 suscepti
2615 3436 2898 3521 'laboris
2961 3449 3265 3524 crimini.
3367 3450 3550 3525 Cum
3603 3455 3796 3531 enim
3863 3482 4075 3559 supra
4137 3458 4284 3533 edi-

882 3580 1145 3670 xerim,
1199 3602 1315 3649 me
1372 3576 1449 3650 in
1527 3598 1817 3667 eorum,
1890 3572 2015 3677 qui
2067 3586 2636 3666 antecesserunt,
2706 3570 3065 3648 conatibus
3119 3571 3278 3647 ideo
3341 3600 3490 3651 non
3561 3580 3986 3682 acquievisse
4005 3636 4026 3672 ,
4091 3582 4284 3683 quod

875 3703 1177 3778 multum
1216 3700 1455 3775 abesse
1490 3698 1827 3773 ducerem
1854 3756 1873 3791 ,
1932 3713 2015 3773 ut
2062 3724 2302 3773 rerum
2346 3722 2434 3771 ex
2478 3701 2670 3774 omni
2715 3711 2913 3802 parte
2956 3700 3402 3800 putaverint:
3453 3728 3752 3805 cumque
3785 3731 3944 3783 eam
3991 3704 4086 3783 ob
4127 3734 4283 3784 rem

878 3828 1161 3905 liberius
1204 3828 1352 3930 ipse
1379 3886 1400 3922 ,
1467 3854 1683 3932 quam
1735 3852 1867 3928 pro
1926 3825 2223 3925 juvenili
2285 3838 2509 3899 aetate
2539 3883 2561 3918 ,
2605 3826 3033 3902 sententiam
3099 3824 3338 3899 dicere
3406 3828 3805 3928 aggrediar:
3885 3835 4068 3909 nihil
4120 3859 4288 3911 sane

880 3968 985 4029 est
1009 4012 1029 4047 ,
1081 3956 1274 4057 quod
1308 3956 1515 4057 hujus
1538 3956 1805 4057 incepti
1836 3954 2187 4029 levitatem
2236 3952 2473 4046 tollat,
2521 3952 2659 4028 nisi
2703 3952 2886 4027 illius
2929 3950 3170 4054 judicii
3213 3952 3541 4029 omnibus
3586 3973 3957 4061 perspecta
3995 3974 4072 4035 et
4115 3988 4286 4038 con·

880 4084 1057 4159 fessa
1103 4085 1380 4159 veritas.
1476 4082 1574 4155 At
1620 4080 2090 4184 maximopere
2158 4078 2513 4174 dubitavi,
2562 4108 2656 4155 an
2709 4079 2958 4155 lectori
3001 4081 3258 4183 cuique
3312 4081 3490 4155 adeo
3547 4097 3798 4162 notum
3839 4103 4061 4181 esset,
4111 4089 4286 4191 quid

886 4206 1165 4281 diverso
1200 4220 1514 4307 tempore
1568 4202 1832 4282 diversi
1868 4204 1958 4279 de
2013 4206 2155 4282 hoc
2188 4205 2373 4280 libro
2415 4206 2827 4303 statuerint,
2879 4214 2962 4276 ιιι
3007 4230 3227 4307 quam
3278 4208 3588 4308 primum
3639 4227 3952 4288 nostram
4005 4213 4290 4315 opinio-a,

885 4358 1097 4425 nem,
1166 4331 1578 4433 simpliciter
1642 4330 2071 4436 expositam,
2134 4333 2616 4435 accepissent,
2645 4326 2945 4427 integre
2994 4344 3283 4430 possent
3345 4334 3474 4409 sua
3543 4352 3794 4439 sponte
3845 4338 4286 4481 decernere„

886 4470 1125 4533 utrum
1158 4462 1321 4534 novi
1358 4460 1577 4560 quid,
1626 4488 1719 4535 an
1754 4457 2066 4533 obsoleta
2102 4460 2387 4552 omnia,
2439 4470 2511 4530 et
2555 4456 2618 4531 si
2660 4452 2836 4557 quid
2876 4455 3088 4542 novi,
3143 4483 3237 4532 an
3289 4462 3442 4561 jure
3489 4461 3663 4538 illud
3687 4464 4081 4569 meritoque
4125 4490 4292 4567 pro·

897 4584 1201 4659 tulerim.
1317 4583 1578 4678 Unde‘,
1652 4612 1819 4661 cum
1870 4586 2265 4661 necessario
2336 4584 2606 4685 requiri
2667 4582 3090 4680 arbitrarer,
3137 4598 3219 4660 ut
3277 4592 3429 4691 ejus
3485 4590 3588 4663 rei
3637 4590 4040 4666 facultatem
4091 4618 4113 4664 1
4113 4616 4287 4695 pse

884 4725 1225 4816 quantum
1279 4708 1444 4782 satis
1502 4724 1733 4799 esset,
1783 4740 1923 4790 una
1982 4714 2506 4817 impertirem,
2493 4710 2847 4785 ·incertus
2911 4726 3149 4787 tamen
3187 4711 3421 4810 haesi,
3467 4718 3611 4820 qua
3671 4720 4110 4820 potissimum
4179 4746 4290 4800 ιιι,-

800 4924 822 4944 .-
890 4844 1076 4919 tione
1128 4838 1207 4917 id
1243 4834 1647 4933 efficerem;
1697 4864 1867 4915 nam
1920 4844 2177 4948 triplex
2214 4844 2393 4958 ratio
2439 4867 2516 4918 se
2559 4838 2786 4919 menti
2831 4838 3206 4967 offerebat.
3259 4854 3385 4941 ut,
3441 4869 3617 4949 quae
3662 4842 3756 4921 de
3805 4844 4100 4923 aliorum
4134 4869 4287 4917 sen-

4161 4981 4312 5045 ten·
