4825 5834
2108 439 2503 521 -17-..4

486 620 493 627 ⁵
588 662 708 731 ex.
759 676 863 753 gr.
912 639 1254 749 Stephani
1276 696 1295 735 ,
1348 637 1396 717 J
1396 631 1599 715 acobi
1624 688 1649 732 ,
1702 633 2003 715 aliorum
2024 694 2046 735 ,
2090 640 2139 715 a
2200 636 2357 712 Deo
2392 636 2752 773 excidium
2819 640 3278 719 Judaeorum
3305 636 3735 743 reipublaebae
3761 654 4016 749 peten-

594 783 793 857 tium.

688 902 839 979 Col.
880 927 906 977 1
922 920 1002 977 2.·
1074 896 1285 971 Sexto
1324 888 1549 995 sigillo
1592 893 1909 971 detracto
1935 951 1957 990 ,
2007 892 2199 973 varia
2236 895 2771 997 conspiciuntur
2810 894 3156 971 malorum
3209 909 3534 1003 portenta
3559 953 3580 991 ‚
3641 922 3820 1001 quae
3842 920 4010 975 mox

594 1030 673 1107 in
720 1022 909 1103 bello
931 1081 953 1119 ,
1002 1028 1046 1099 a
1098 1024 1431 1099 Romanis
1460 1024 1869 1117 inferendo,
1914 1022 2219 1099 Judaeos
2256 1033 2493 1097 essent
2534 1021 2908 1117 invasura3
2961 1048 3127 1097 cum
3179 1037 3415 1099 autem
3461 1038 3500 1109 ἡ
3537 1032 3650 1122 γὴ,
3703 1022 3838 1097 eol.
3871 1024 4008 1116 15,

584 1156 852 1233 horum
898 1166 1163 1229 terram
1229 1150 1573 1251 significet
1595 1207 1618 1245 ,
1686 1162 1733 1224 α·
1819 1153 2075 1243 βασιλεῖς
2130 1164 2233 1235 τῆς
2281 1166 2385 1247 γῆς
2419 1146 2756 1223 dicuntur
2792 1150 3146 1251 Agrippae
3179 1148 3308 1224 filii
3363 1162 3436 1223 et
3458 1148 3689 1242 filiae3
3735 1158 3776 1233 ἡ
3819 1164 4011 1251 ἡμέρα

583 1298 827 1359 autem
864 1293 903 1365 ἡ
936 1285 1157 1380 μεγάλη
1201 1296 1302 1365 τῆς
1330 1289 1495 1379 ὀργῆς
1542 1290 1635 1352 τοῦ
1665 1283 1785 1351 θεοῦ
1809 1331 1831 1366 ‚
1880 1273 2013 1350 ool.
2076 1300 2159 1380 ¹7.
2186 1330 2207 1369 ,
2260 1288 2369 1350 est
2402 1288 2682 1375 tempus
2737 1276 3268 1378 expugnationis
3307 1275 4005 1377 Hierosolymorum3

580 1435 763 1511 quae
840 1434 1069 1508 poena
1130 1406 1469 1479 nimirum
1486 1458 1507 1493 ,
1576 1401 1625 1476 J
1626 1399 1867 1477 udaeis
1938 1405 1983 1479 ὸ.
2029 1399 2185 1474 Deo
2236 1400 2506 1477 inflicta
2530 1454 2552 1494 ,
2619 1399 2871 1501 judicii
2927 1400 3166 1479 ultimi
3213 1401 3430 1481 veluti
3477 1404 3731 1503 pignus
3766 1403 3996 1479 fuerit.

676 1537 877 1629 Quae
949 1554 1107 1629 cap.
1150 1524 1318 1603 VII.
1368 1552 1397 1600 1
1414 1525 1579 1603 -8.
1628 1528 1947 1629 sequitur
1970 1584 1995 1623 ‚
2060 1526 2371 1631 ornatior
2455 1527 2838 1629 descriptio
2895 1540 3004 1603 est
3032 1584 3053 1621 ‚
3127 1528 3267 1629 qua
3329 1525 3746 1629 simpliciter
3816 1555 4003 1605 nun-

437 1642 445 1649 ⁵
580 1665 797 1737 tiatur
817 1716 836 1751 ,
902 1656 1048 1731 ihre
1072 1709 1094 1747 ,
1158 1667 1241 1729 ut
1262 1712 1281 1749 ‚
1368 1666 1744 1757 antequam
1830 1652 2061 1729 acrius
2152 1679 2401 1755 urgere
2477 1655 2870 1756 coepissent
2946 1655 3303 1753 angustiae
3319 1709 3374 1755 ,ἢ
3439 1652 3827 1729 Christiani
3909 1682 4006 1733 ex

576 1785 887 1893 periculo
933 1784 1373 1885 eriperentur
1392 1838 1413 1874 ,
1462 1793 1537 1854 et
1585 1776 1747 1879 fuga
1811 1778 2106 1853 salutem
2178 1803 2585 1879 comparare
2661 1792 2976 1876 possent.
3066 1777 3240 1851 Colo
3290 1778 3504 1877 igitur
3577 1782 3812 1881 primo
3837 1840 3858 1875 ,
3931 1796 3998 1855 ἀι

572 1929 845 2013 τέσσαρες
880 1920 1073 2011 γωνίαι
1116 1926 1219 1995 τῆς
1255 1926 1362 2008 γῆς
1391 1917 1556 1981 sunt
1590 1915 1913 2003 quatuor
1973 1923 2142 1977 orae
2186 1904 2256 1977 J
2248 1902 2526 1979 udaeae
2536 1929 2568 1993 ;
2611 1926 2778 1977 eum
2847 1928 3014 1978 vero
3056 1902 3310 2003 Angeli
3391 1905 3727 1983 dicuntur
3765 1928 3996 2014 κρατεῖν

570 2049 693 2125 τοὺς
747 2050 1033 2132 τέσσαρας
1082 2046 1314 2125 atatem
1362 2050 1483 2121 ,τῆς
1540 2048 1681 2123 γῆς.
1742 2040 1842 2105 ἵνα
1910 2039 1995 2123 μὴ
2052 2036 2189 2121 πνέῃ
2247 2025 2453 2120 ἄνεμος
2498 2034 2590 2106 ἐπὶ
2666 2044 2770 2112 τῆς
2809 2045 2951 2127 γῆς,
2983 2041 3129 2123 μήτε
3171 2036 3266 2103 ἐπὶ
3297 2048 3398 2115 τῆς
3451 2038 3789 2133 θαλάσσης
3839 2049 3989 2131 μήτε

564 2174 659 2239 ἐπὶ
691 2178 805 2237 πᾶν
850 2158 1073 2255 δένδρον
1096 2207 1121 2244 ,
1172 2153 1463 2251 figurate
1524 2171 1933 2250 expressum
1982 2158 2091 2220 est
2105 2200 2127 2239 ,
2180 2146 2743 2253 qualemcunque
2807 2152 3280 2230 calamitatem
3303 2212 3325 2247 ,
3377 2156 3594 2233 veluti
3643 2160 3935 2237 caedem
3957 2187 3986 2255 ,·

562 2306 847 2385 morbos
872 2361 893 2395 ‚
944 2301 1355 2403 pauperiem
1378 2352 1400 2390 ‚
1452 2292 1543 2371 ab
1604 2294 1695 2369 iis
1742 2304 2099 2369 retentum
2153 2292 2269 2369 iri.
2320 2292 2480 2371 Col.
2525 2296 2572 2392 4
2594 2354 2613 2389 ,
2661 2325 3000 2375 numerus
3039 2300 3158 2376 ille
3199 2283 3338 2403 ρμ-ἶοῗ
3363 2311 3614 2399 χιλιάδες
3651 2311 3980 2387 infinitus

558 2450 667 2509 est
691 2490 711 2525 ‚
760 2434 897 2506 nec‘
950 2426 1335 2531 quidquam
1384 2420 1583 2499 aliud
1602 2480 1623 2515 ,
1672 2446 1887 2524 quam
1940 2420 2373 2495 Graecorum
2445 2434 2672 2520 μυρίους
2691 2482 2712 2516 ,
2781 2426 3076 2501 indicat.
3181 2433 3240 2503 A
3287 2428 3420 2505 col.
3459 2457 3700 2535 9—17
3774 2463 3983 2537 prae-

562 2562 831 2635 dicitur
847 2615 867 2649 ,
900 2578 1235 2653 magnum
1288 2551 1611 2629 solatium
1646 2560 1954 2619 extorres
1992 2545 2159 2619 istos
2184 2570 2277 2619 ex
2316 2546 2362 2619 J
2362 2544 2588 2623 udae&
2621 2549 3058 2627 Christianos
3113 2552 3476 2631 habituros
3491 2613 3513 2651 ,
3563 2584 3724 2635 cum
3766 2563 3980 2637 innu-

554 2708 787 2761 meros
823 2681 1041 2759 visuri
1078 2691 1311 2755 essent
1348 2702 1435 2755 ox
1480 2672 1844 2771 Gentibus,
1880 2698 2045 2759 suae
2084 2669 2254 2753 fidei
2303 2686 2708 2759 consorte-⁴13
2805 2678 3016 2782 Syria
3059 2684 3248 2761 em‘m
3281 2684 3508 2779 piem
3539 2700 3700 2757 erat
3750 2684 3972 2784 Chri-2,

558 2814 983 2888 stianorum.
1600 2830 1609 2837 ‘

648 2942 697 3015 J
698 2966 815 3016 am
864 2940 975 3014 his
1034 2938 1199 3035 stiga
1262 2936 1553 3017 servatis
1572 2994 1594 3034 ‚
1664 2934 2047 3042 septimum
2098 2929 2405 3034 sigillum
2428 2989 2449 3028 ,
2517 2956 2678 3036 cop.⁴
2725 2933 2932 3013 VII-1.
2991 2962 3019 3011 1
3055 2993 3075 3029 ‚
3150 2938 3496 3041 aperitur:
3567 2964 3716 3042 quo
3787 2942 3972 3015 facto

546 3066 989 3167 septempiici
1040 3061 1373 3151 tubarum
1424 3078 1638 3129 cantu
1685 3063 2185 3154 praecimmtur
2248 3063 2565 3153 primum
2630 3088 2873 3139 causae
2943 3060 3198 3140 obsidii
3268 3066 3912 3168 Hierosolymorum
3939 3108 3974 3167 ,j

548 3194 719 3267 dein
775 3182 1133 3261 obsidium
1189 3182 1428 3283 ipsum
1485 3190 1695 3280 atque
1775 3168 2236 3274 expugnati&
2331 3168 2503 3245 001ss
2573 3185 2811 3247 autem
2871 3188 3069 3251 2-5
3135 3190 3428 3277 figuram
3491 3206 3914 3269 monstratur
3935 3250 3960 3287 ,

442 3310 455 3318 ⁷
546 3316 833 3409 tandem
886 3312 979 3389 ad
1020 3335 1281 3415 poenas
1318 3298 1839 3409 persequendas
1873 3297 2109 3373 Deum
2156 3308 2481 3398 paratum
2523 3324 2700 3397 esse.
3017 3336 3024 3343 ·
3958 3287 3964 3295 ⁴

542 3519 549 3530 ,
636 3441 755 3517 Ad
800 3441 1073 3541 primae
1124 3437 1341 3535 igitur
1404 3430 1615 3506 tubae
1680 3438 1967 3503 cantum
1984 3483 2011 3519 ‚
2072 3422 2277 3500 VIII.
2324 3450 2370 3525 7
2392 3482 2418 3518 ‚
2464 3452 2670 3504 causa
2717 3428 2973 3507 obsidii
3015 3430 3420 3533 indicatum
3465 3464 3726 3545 nempe
3771 3444 3958 3525 dura

534 3573 583 3648 J
582 3570 967 3645 udaeomm
1028 3559 1474 3639 contumacia
1501 3615 1523 3651 ,
1592 3563 1865 3656 χάλαζα,
1931 3564 2007 3627 et
2063 3548 2432 3627 iracundia
2487 3556 2931 3654 sanguinaria
2951 3614 2972 3649 ,
3037 3573 3154 3659 πῦρ
3208 3578 3548 3663 nemnem.»
3603 3578 3662 3641 ἐν
3701 3580 3903 3667 αἵματι
3933 3628 3957 3665 ,

534 3724 665 3801 per
710 3724 880 3798 quas
926 3695 1129 3767 tertia
1146 3748 1167 3783 ‚
1213 3689 1292 3763 h.
1342 3714 1408 3762 e.
1460 3708 1837 3789 permagna
1869 3706 2030 3783 pars
2074 3679 2339 3755 civium
2386 3680 2478 3755 ad
2507 3681 2772 3759 bellum
2799 3684 3420 3765 inflammarentur.

626 3822 745 3896 Ad
758 3818 1013 3895 tubam
1043 3810 1419 3891 secundam
1440 3868 1460 3905 ‚
1494 3811 1632 3889 col.
1666 3812 1737 3903 8,
1778 3819 2107 3887 eventum
2134 3804 2319 3879 illud
2340 3810 2732 3900 nuntiatur,
2764 3810 2955 3909 quod
2985 3814 3026 3885 a
3051 3812 3224 3905 Jos.,
3248 3818 3444 3890 Antt.
3471 3814 3648 3894 XX.
3671 3820 3742 3913 4,
3765 3823 3946 3897 etde

534 3952 623 4025 B.
674 3948 749 4023 J.
797 3948 859 4020 Ι.
910 3969 1003 4020 20
1021 3999 1043 4037 ‚
1100 3942 1478 4020 memoriae
1524 3934 1887 4039 proditum
1934 3944 2085 4027 es-t;
2134 3935 2282 4009 fore
2324 3936 2591 4012 scilicet
2609 3994 2629 4029 ‚
2679 3950 2763 4012 ut
2805 3938 3068 4029 milites
3092 3996 3115 4032 ,
3169 3943 3296 4043 qui
3335 3944 3412 4019 in
3446 3970 3605 4021 arce
3635 3948 3946 4027 Antonia

544 4088 812 4165 essent,
862 4068 1117 4171 magna
1152 4094 1331 4143 cum
1384 4066 1487 4139 ira
1528 4061 2068 4139 effunderentur
2114 4061 2193 4137 in
2246 4063 2590 4165 populum
2631 4063 3342 4164 Hierosolymitanum
3369 4124 3388 4163 ,
3437 4081 3544 4159 τὴν
3585 4080 3887 4150 θάλασσαν
3914 4146 3940 4183 ‚

539 4216 612 4277 et
646 4198 905 4276 multos
940 4221 1037 4270 ex
1086 4194 1223 4269 illis
1275 4191 1695 4267 occiderent.

624 4326 741 4403 ‘Ad
798 4325 1082 4399 tertiam
1141 4320 1385 4397 tubam
1447 4318 1682 4395 stellae
1735 4317 2044 4395 cadentis
2090 4316 2407 4419 imagine
2461 4314 2882 4399 describitur
2922 4322 3269 4427 impostor
3319 4322 3436 4401 ille
3485 4328 3926 4431 Aegyptius,

530 4454 623 4531 de
664 4480 806 4557 quo
856 4454 1015 4529 Act.
1056 4449 1256 4526 XXI.
1292 4448 1415 4525 38.
1466 4460 1541 4521 et
1588 4472 1701 4549 ap.
1734 4446 1879 4519 Jos.
1916 4446 2084 4523 Ant.
2122 4446 2295 4524 XX.
2346 4446 2399 4521 6
2445 4452 2710 4525 mentio
2751 4452 2931 4527 facta
2981 4464 3108 4528 est.

628 4580 740 4655 Ad
794 4590 1114 4681 quartam
1137 4633 1158 4669 ,
1211 4575 1695 4651 obscuratione
1752 4571 1927 4649 Solis
1952 4628 1975 4666 ,
2024 4580 2269 4655 Lunae
2320 4591 2394 4650 et
2459 4567 2774 4659 siderum
2831 4578 3318 4678 significantur
3371 4584 3718 4663 Galilaeae
3756 4588 3926 4663 alio-

540 4736 835 4812 rumque
878 4720 1227 4783 tractuum
1276 4695 1585 4808 oppida',
1619 4708 1661 4779 ὲ
1686 4684 2129 4809 Vespasiano
2150 4721 2353 4811 capta
2375 4766 2395 4799 ‚
2448 4732 2611 4780 eum
2640 4706 3106 4806 plurimorum
3137 4706 3566 4787 Judaeorum'
3603 4712 3928 4789 interitus

636 4838 685 4911 J
688 4860 802 4911 am
838 4834 1129 4939 Aquila,
1180 4834 1423 4933 stragis
1490 4830 1883 4943 symbolum
1905 4893 1926 4932 ,
2000 4837 2133 4916 col.
2180 4836 2263 4915 13
2289 4894 2311 4929 ,
2384 4834 2640 4935 triplex
2691 4830 2846 4911 ‘Vae
2905 4832 2954 4911 J
2953 4832 3192 4919 udaeis
3249 4839 3616 4923 annuntiat
3638 4895 3658 4934 ,
3725 4838 3918 4941 quod

2258 4963 2320 5049 C
2907 4988 2914 4995 ·
3757 4990 3920 5067 par·
