4825 5834
2085 414 2229 479 .„,·
2257 412 2504 491 29-

560 624 753 701 erint
792 680 813 717 ‚
880 632 963 698 ut
1033 644 1279 698 causae
1318 621 1459 697 Dei
1509 635 1719 725 atque
1777 621 2135 723 religionis
2172 622 2614 699 Christianae
2653 618 3095 722 prodessent.
3203 619 3336 695 His
3371 623 3566 697 enim
3613 640 3780 703 ante
3819 628 3984 705 refi-

546 777 737 853 quos
783 763 1099 825 mortuos
1141 754 1285 849 jam
1315 762 1472 824 tum
1510 750 1590 823 in
1636 752 1875 843 vitam,
1894 749 2237 823 suscitatis
2278 804 2298 839 ‚
2331 759 2538 822 ·aetas
2561 746 2682 823 illa
2721 746 3121 821 beatissima
3167 746 3473 822 humano
3519 753 3781 849 generi·
3801 754 3978 825 exsi-

550 889 733 967 stet,
804 900 1026 979 quae,
1103 874 1211 947 uti
1282 873 1523 949 ultima
1566 900 1917 949 annorum
1953 882 2140 971 χιλίας
2175 875 2213 947 f
2213 888 2416 947 utura
2461 886 2612 963 est,
2657 874 2757 947 ita
2795 898 2962 947 vero
2999 874 3287 947 nomine
3317 880 3504 972 χιλίαις
3537 874 3966 969 sabbatio-a,

550 1000 627 1075 h.
677 1025 745 1072 e.
794 1000 1087 1104 quietis,
1144 998 1291 1075 dici
1333 998 1625 1101 poterit;
1675 1024 1761 1073 eo
1810 1013 2047 1074 autem
2096 1000 2317 1101 spatio
2372 997 2500 1072 ad
2525 998 2744 1072 finem
2790 994 3180 1097 perductO,
3231 1024 3365 1099 per
3419 998 3638 1075 breve
3679 1016 3976 1104 tempus·

544 1123 801 1201 ‘terum
854 1122 1174 1225 prodibit
1230 1124 1602 1215 Satanas,
1652 1122 1791 1198 col.
1844 1148 1929 1224 7,
1976 1123 2051 1199 h.
2102 1150 2166 1197 e.
2208 1150 2443 1248 pugna
2487 1122 2674 1195 inter
2723 1118 2988 1195 bonum
3033 1137 3108 1196 et
3142 1122 3457 1214 malum,
3509 1124 3702 1200 mffle
3742 1154 3964 1201 annos

544 1276 587 1325 e
623 1250 859 1329 medio
913 1248 1229 1344 sublata,
1274 1247 1537 1355 perditi
1570 1250 1771 1324 istius
1815 1250 2003 1348 genii
2062 1236 2429 1323 conatibus
2453 1303 2474 1338 ,
2555 1245 2988 1346 aliquamdiu
3011 1250 3468 1343 restituetur-3
3517 1276 3766 1326 verum
3791 1278 3957 1325 mox

540 1368 872 1473 divmitus
920 1384 1239 1478 repressa
1284 1390 1492 1476 atque
1561 1375 1961 1465 exstincta,
2010 1374 2113 1447 ita
2173 1374 2459 1473 penitus
2533 1372 2910 1463 concidet,
2959 1388 3040 1447 ut
3099 1374 3316 1474 hujus
3355 1402 3448 1449 ne
3497 1375 3750 1457 umbra
3799 1376 3958 1477 qui·

548 1475 725 1581 dem
770 1500 1087 1618 amplius
1121 1497 1657 1648 conspiciatur,
1676 1498 1857 1574 illud
1918 1523 2143 1573 unum
2188 1495 2472 1587 valeat,
2522 1523 2608 1572 ac
2669 1499 2880 1571 novis
2920 1496 3196 1573 viribus
3235 1510 3561 1589 auctum,
3607 1500 3688 1573 in
3731 1514 3958 1575 aeter-

548 1652 723 1701 num
778 1622 1199 1707 florescat·
1139 1682 1161 1727 ,
1238 1629 1411 1724 jam
1453 1625 1651 1729 enim·
1714 1627 1874 1699 finis
1922 1624 2093 1698 huic
2138 1636 2380 1695 rerum
2451 1620 2684 1695 ordini
2727 1621 3176 1721 imponetur·
3151 1678 3178 1716 ‚
3211 1623 3481 1723 judicii
3523 1622 3761 1701 ultimi
3801 1626 3954 1703 dies

541 1745 833 1843 adent3
860 1753 1117 1827 mortui·
1146 1774 1391 1825 omnes
1432 1747 1521 1823 in
1564 1749 1783 1825 vitam
1806 1730 2368 1836 revocabuntur3
2422 1746 2661 1845 prouti
2701 1750 3036 1848 cujusque
3085 1749 3350 1825 fuerint
3390 1775 3622 1825 mores
3651 1750 3952 1853 ,cuique

542 1890 665 1949 aut
682 1882 987 1995 aeterna
1035 1876 1326 1951 felicitas
1353 1930 1374 1967 ,
1424 1887 1547 1947 aut
1598 1887 1962 1947 aeternum
2012 1872 2339 1947 exitium
2364 1868 2876 1967 assignabitur3
2929 1896 3111 1949 nova
3175 1875 3511 1974 exsistent
3556 1875 3836 1951 coelum
3873 1890 3946 1949 et

541 2016 775 2092 teu-mg
826 1978 1109 2105 antiqua
1157 2000 1394 2075 omnia
1434 1997 1895 2091 transibunt3
1942 1988 2319 2096 splendida
2392 1995 2532 2068 erit
2583 1994 2959 2071 beatorum
3008 1996 3350 2075 condiam-
3447 2001 3556 2081 In
3582 2000 3693 2075 his
3730 2003 3942 2100 igitur

540 2124 1019 2241 describendis
1064 2138 1251 2199 vates
1299 2131 1609 2200 versatur
1656 2126 1698 2194 a
1736 2146 1893 2222 cap.
1932 2120 2123 2195 XX.
2186 2144 2211 2191 1
2236 2144 2265 2190 ι
2339 2143 2588 2220 seqq„
2638 2133 2848 2221 atque
2903 2122 3232 2223 inprimis
3275 2125 3354 2199 in
3357 2118 3760 2223 magnifica
3803 2154 3948 2199 301³.

540 2268 654 2342 te,
706 2278 886 2373 quae
948 2232 1168 2327 bonis
1234 2242 1698 2349 exspectanda
1760 2258 1903 2337 est,
1950 2242 2135 2319 illius
2210 2246 2446 2318 oratio
2492 2244 2792 2319 exsultat
2835 2260 2910 2320 et
2949 2246 3390 2347 triumphat,
3444 2266 3605 2351 cap.
3648 2250 3836 2323 XXI
3873 2265 3950 2324 et

530 2308 781 2451 XXII.
844 2378 1048 2453 1—5.
1128 2366 1357 2474 Quae
1380 2369 1551 2447 inde
1596 2383 1986 2471 sequuntur
2038 2381 2113 2457 et
2162 2367 2255 2441 ad
2290 2367 2672 2443 clausulam
2734 2368 2900 2445 libri
2955 2374 3354 2476 pertinent,
3404 2398 3572 2449 οιιιιι
3613 2375 3694 2449 in
3728 2377 3944 2449 finem

542 2500 717 2573 sunt
736 2462 1212 2599 adlectant
1260 2522 1357 2572 ne
1402 2494 1499 2569 de
1534 2519 1776 2567 rerum
1813 2489 2339 2593 praedictarum
2374 2494 2631 2566 exitu
2615 2496 2988 2596 quisquam
3029 2497 3406 2579 dubitaret,

627 2628 724 2699 At
746 2650 1004 2727 quare,
1034 2648 1265 2723 roges,
1301 2604 1515 2709 haec,
1548 2642 1727 2719 quae
1750 2621 1805 2691 ὲ
1816 2642 1979 2717 cap.
1990 2612 2177 2698 XX
2194 2632 2548 2691 canuntur
2577 2634 2942 2723 ‚quaeque
2981 2634 3240 2697 eventu
3261 2648 3355 2699 ne
3391 2622 3622 2699 adhuc
3653 2624 3942 2728 quidem

537 2748 981 2851 comprobata
1041 2760 1253 2839 sunt,
1302 2746 1403 2819 ita
1446 2756 1641 2820 vates
1680 2743 2079 2842 proposuit,
2138 2766 2221 2813 ac
2252 2742 2315 2813 si
2352 2742 2590 2815 statim
2638 2745 3282 2845 Hierosolymorum
3313 2748 3670 2823 excidium
3707 2764 3938 2823 essent

536 2885 909 2977 exceptura
936 2875 981 2947 Ρ·
1062 2872 1344 2947 Scilicet
1363 2926 1385 2963 ,
1433 2868 1531 2947 ait
1564 2866 1927 2942 Herderus
1974 2864 2057 2963 (ἰ
2086 2869 2165 2965 )=,
2214 2866 2546 2965 quoniam
2594 2866 2932 2945 divinitus
2973 2872 3076 2948 sic
3128 2872 3266 2973 ipsi
3312 2874 3736 2973 patefactum
3779 2878 3816 2948 s
3811 2877 3932 2949 uit.

528 3001 624 3075 At
654 3025 869 3102 quare
911 2998 1121 3097 igitur
1158 2996 1348 3069 Deus
1390 2993 1572 3067 hanc
1612 3018 1810 3093 spem
1830 3049 1851 3084 ,
1901 3014 2127 3091 quam·
2164 3002 2451 3090 tempus
2513 2972 2698 3066 esset
2749 2997 3294 3091 frasu-aturum,
3335 2998 3745 3075 Christianis
3790 3002 3926 3073 im-

530 3121 969 3223 pertiendam
1024 3121 1353 3198 curavit?
1386 3218 1399 3225 ·
1448 3116 1802 3192 Nimirum
1831 3169 1852 3207 ,
1898 3126 1979 3189 ut
2018 3112 2360 3214 quamdiu
2410 3114 2808 3217 respublica
2849 3119 3146 3197 Juda’ica
3211 3121 3492 3219 integra
3519 3138 3703 3199 esset
3725 3183 3744 3217 ,
3796 3153 3926 3227 per

531 3271 688 3333 eam
724 3238 1281 3324 sublevarentur'
1322 3257 1396 3320 et
1459 3242 1729 3319 animos
1784 3230 2184 3332 sumerent3
2238 3238 2747 3340 Hierosolymis
2811 3257 3047 3319 autem
3115 3243 3364 3319 deletis
3391 3300 3411 3338 ,
3461 3246 3726 3325 scirent
3773 3251 3927 3351 qui„

529 3370 743 3466 dem,
792 3398 985 3467 rem,
1032 3396 1208 3475 quae
1247 3368 1457 3444 simul
1503 3358 1837 3441 nuntiata-
1855 3362 2143 3454 fuisset,
2182 3367 2333 3439 non
2364 3366 2600 3439 nfinns
2637 3379 2834 3441 certo
2878 3367 2972 3441 ad
3015 3368 3286 3443 exitum
3319 3369 3410 3443 iri
3454 3372 3922 3473 perductum,

530 3510 603 3572 at
645 3498 1043 3597 ignorantes
1090 3511 1325 3573 tamen
1344 3549 1367 3589 ,
1420 3518 1561 3597 quo
1622 3488 1917 3563 tandem
1955 3512 2141 3563 anno
2198 3500 2275 3563 et
2340 3514 2483 3591 quo
2529 3490 2648 3565 die
2674 3546 2695 3581 ,
2745 3515 3026 3594 semper
3066 3517 3142 3567 se
3177 3506 3462 3613 paratos
3507 3514 3924 3595 servarent,

530 3634 603 3697 et
637 3622 817 3697 laeta
873 3620 1389 3730 exspectatione
1416 3606 1861 3695 fulcirentur.
3003 3694 3010 3703 ,

582 3746 815 3821 Haec
858 3748 1069 3847 igitur
1114 3745 1521 3836 Herderusk
1572 3747 1775 3843 cujus
1823 3741 2122 3841 cogitata
2162 3742 2223 3815 si
2260 3743 2385 3845 qui
2431 3756 2552 3819 aut
2591 3770 2684 3822 ex
2737 3746 2934 3823 omni
2980 3758 3177 3846 parte
3225 3756 3347 3823 aut
3388 3748 3710 3824 universe
3749 3776 3919 3851 pro-

524 3870 916 3966 baverunt,
967 3872 1215 3972 melius
1271 3882 1505 3959 certe,
1554 3894 1769 3969 quam
1838 3866 1999 3958 ille,
2047 3892 2219 3942 cum
2272 3868 2736 3968 multiplicem
2787 3870 3284 3945 'difficultatem
3341 3872 3548 3973 apud
3606 3876 3919 3950 animum

532 4022 739 4072 suum
770 3992 1281 4097 expediverint,
1334 4016 1619 4067 necesse
1651 4004 1817 4084 est,
1854 4004 2009 4065 tum
2046 3992 2293 4066 hanef
2265 3994 2667 4095 imprimis,
2723 3996 2866 4097 qua
2899 3995 2988 4073 de
3027 3998 3232 4077 causa
3265 3994 3503 4089 liber,
3517 3996 3676 4079 hoc
3721 4026 3917 4101 argu-

526 4134 771 4199 mento
819 4102 1221 4222 praeditus,
1274 4116 1365 4194 ad
1408 4106 1682 4218 septem
1752 4128 1993 4189 coetus
2060 4118 2418 4193 Asiaticos
2487 4122 2924 4221 perscriptus
2971 4123 3226 4214 filerit,
3275 4134 3350 4193 et
3390 4146 3532 4221 quo
3572 4136 3782 4221 pacto
3829 4125 3919 4199 ab

525 4242 611 4318 iis
648 4244 959 4347 potuerit
989 4244 1282 4346 intelligi
1309 4300 1331 4337 ,
1380 4243 1492 4321 vel
1544 4244 1698 4315 tum
1738 4264 1903 4318 cum
1943 4266 2059 4319 res
2088 4242 2489 4346 praedictae
2511 4296 2534 4336 ,
2579 4246 2681 4321 sic
2743 4259 2826 4323 ut
2883 4246 3242 4325 Herderus
3287 4242 3678 4345 explicuit,
3717 4274 3918 4333 acca.

526 4380 679 4469 tate
718 4380 791 4445 et
830 4368 1235 4474 singillatim
1266 4370 1667 4448 evenissent
1708 4362 1883 4471 (k).

2317 4872 2493 4949 ns
3719 4872 3914 4973 §a
