4825 5834
1941 361 1946 370 ·
2077 423 2531 504 ——13-

582 609 832 712 ¹‘tentia
881 637 1112 709 essent
1159 620 1572 720 monenda,
1641 619 1760 699 vel
1823 615 2137 726 reliquae
2195 621 2653 724 disputationi
2698 619 3275 724 praemitterent,
3308 617 3437 696 vel
3474 625 3883 736 -coniuncte
3934 652 4043 712 re·

569 762 862 843 'ferrem
918 769 1082 837 cum
1125 767 1252 853 eo,
1303 755 1490 859 quod
1547 750 2016 860 probandum
2027 751 2421 844 ducerem,
2467 749 2579 824 vel
2638 749 2991 852 denique,
3053 766 3425 854 postquam
3496 754 3629 826 hoc
3688 751 4026 826 continu-A
4090 835 4097 842 ,

609 891 1077 991 exposuissem
1133 886 1355 974 serie,
1407 909 1488 956 ea
1523 882 1600 954 in
1651 880 1844 954 exitu
1903 876 2304 979 adjicerem.
2403 881 2632 978 Atque
2696 875 2915 968 altera
2955 877 3245 980 quidem
3296 903 3544 954 norma
3583 879 3820 953 statim
3866 876 4017 950 dis-

601 1012 886 1120 plicuit;
937 1010 1133 1084 nolui
1167 1011 1362 1083 enim
1403 1006 1629 1080 hianti
1668 1005 1806 1078 isto
1845 1026 1928 1074 ac
1963 1001 2302 1103 dissipato
2353 1002 2883 1081 commentandi
2923 1029 3175 1103 genere
3222 1005 3584 1080 fastidium
3621 1005 4010 1110 facessere3

563 1147 568 1154 ’
599 1161 818 1239 quam
855 1129 1018 1211 vero
1065 1135 1272 1209 tertio
1303 1131 1462 1226 locq
1493 1130 1676 1222 dixi,
1729 1127 1898 1202 licet
1935 1129 2380 1232 caeteroquin
2420 1128 2624 1206 valde
2688 1130 2870 1206 mihi
2923 1131 3405 1225 arridentem,
3454 1133 3720 1208 idcirco
3772 1145 4016 1246 tamen

551 1257 558 1264 ’
597 1263 804 1337 initio
855 1262 1171 1362 neglexi,
1238 1259 1431 1362 quod
1491 1273 1648 1331 tum
1703 1254 1802 1328 ad
1855 1253 2176 1348 lectoris,
2223 1269 2382 1330 tum
2427 1255 2522 1330 ad
2564 1269 2887 1331 nostrum
2946 1258 3397 1332 commodum
3456 1285 3605 1332 non
3666 1283 3886 1366 aeque
3929 1285 4015 1342 ae

545 1415 559 1432 ¹
605 1391 836 1492 prima
883 1387 1236 1464 videretur
1309 1383 1664 1486 apposita·
1646 1436 1666 1474 ,
1720 1406 1937 1478 quam
1991 1379 2055 1454 si
2099 1393 2378 1456 secutus
2422 1381 2765 1474 fuissem,
2788 1383 3141 1480 nimirum
3174 1399 3247 1460 et
3294 1383 3423 1458 ille
3468 1386 3882 1460 instructior
3914 1383 4007 1458 ad

585 1510 1176 1588 'examinandam
1206 1522 1521 1584 nostram
1583 1507 2006 1594 sententiam
2046 1505 2465 1600 accederet,
2519 1519 2594 1580 et
2655 1507 2813 1609 ipse
2864 1508 3149 1588 brevius
3214 1497 3433 1613 hanc,
3496 1511 3779 1600 missis,
3830 1487 4009 1613 quae

599 1642 740 1741 jam
790 1663 922 1740 per
960 1636 1130 1711 alios
1155 1648 1322 1709 nota
1358 1645 1626 1726 essent,
1679 1630 2032 1733 explicare
2089 1655 2396 1733 possem.
2498 1633 2895 1710 Consilium
2950 1663 3113 1738 ergo
3149 1637 3325 1730 fuit,
3382 1637 3480 1710 ita
3535 1636 3880 1737 praefari,
3930 1647 4012 1710 ut

543 1779 560 1790 ⁹
603 1789 1010 1864 arguerem,
1061 1757 1406 1863 ejusmodi
1469 1785 1669 1850 esse,
1724 1783 1904 1860 quae
1961 1753 2056 1830 ad
2111 1745 2763 1858 interpretationem
2814 1763 3038 1872 Apoc.
3088 1762 3251 1838 libri
3307 1761 3421 1839 vel
3466 1761 3845 1862 antiquitus
3892 1761 4009 1835 vel

595 1883 968 1982 recentiori
1010 1901 1230 1961 aetate
1277 1884 1704 1985 perscripta,
1777 1883 1870 1958 ad
1923 1896 2234 1958 nostram
2295 1883 2593 1961 scilicet
2625 1886 2952 1960 notitiam
3007 1889 3413 1980 venissent,
3468 1900 3552 1960 ut
3586 1887 3661 1960 in
3702 1863 4005 1986 singulis

595 2041 768 2092 sane
819 2041 1035 2118 quam
1090 2012 1392 2113 plurima
1431 2005 2026 2110 reprehendenda
2052 2064 2073 2102 ‚
2123 2009 2202 2083 in
2245 2009 2441 2084 nullo
2494 2014 2732 2116 omnia
2771 2011 2995 2088 soluta
3043 2015 3188 2088 sint
3241 2025 3317 2086 et
3344 2012 3689 2114 expedita.
3794 2012 4006 2107 Quod

519 2175 530 2191 ¹
594 2153 836 2215 tamen
888 2163 982 2213 ne
1036 2139 1136 2211 sic
1185 2133 1496 2233 intellige
1522 2190 1541 2226 ,
1591 2160 1683 2210 ac
1739 2135 1802 2208 si
1867 2135 2347 2234 cogitaverim,
2402 2135 2749 2236 integram
2818 2137 3341 2247 absolutamque
3395 2138 3755 2214 historiam
3805 2137 4009 2249 exbi-

592 2263 800 2356 bere,
849 2277 923 2338 et
965 2289 1102 2336 una
1142 2260 1492 2352 indicare,
1541 2257 1781 2362 quid'
1759 2285 1839 2334 m
1889 2273 2150 2334 conatu
2194 2281 2479 2364 quoque
2534 2266 2796 2365 justum
2836 2265 2973 2358 sit,
3022 2265 3197 2365 quid
3226 2289 3523 2367 pravum
3574 2277 3783 2366 atque
3821 2264 4002 2340 vitu-

507 2411 514 2422 ·
592 2388 1023 2492 perandum;
1075 2392 1230 2487 ejus
1273 2388 1472 2461 enim
1523 2387 1626 2458 rei
1667 2398 1865 2461 tanta
1925 2385 2126 2460 facile
2173 2389 2605 2487 conspicitur
2648 2389 3078 2490 amplitudo,
3124 2403 3208 2464 ut
3264 2403 3340 2463 et
3390 2409 3581 2466 meas
3644 2388 3848 2504 longe
3890 2391 3998 2466 vi·-

593 2539 706 2588 res
735 2525 1019 2614 superet
1047 2526 1120 2585 et
1163 2511 1482 2584 modicae
1525 2510 1928 2610 scriptionis
1970 2513 2344 2606 terminos3
2397 2537 2531 2586 nae
2576 2514 2747 2588 satis
2802 2512 3069 2606 habui,
3112 2539 3389 2590 summa
3439 2529 3683 2590 notare
3718 2517 3943 2628 capita
3966 2570 3999 2614 ,

591 2653 668 2714 et
737 2639 799 2714 si
853 2663 1030 2741 quae
1107 2635 1486 2712 refellenda
1534 2660 1937 2728 censerem,
1987 2637 2443 2714 fundamenta
2488 2639 2847 2740 disjicere,
2896 2637 3155 2740 quibus
3212 2643 3499 2716 extortis
3571 2641 3723 2742 ipsa
3782 2629 3998 2714 cade-

587 2777 773 2842 rent.
873 2767 1156 2859 Quare,
1207 2789 1375 2836 cum
1433 2773 1786 2864 praestare
1836 2762 2196 2838 videretur
2219 2818 2240 2854 ,
2313 2789 2436 2856 ea,
2490 2791 2677 2866 quae
2712 2753 3061 2839 oblivione
3113 2766 3389 2866 sepulta
3460 2779 3663 2857 sunt,
3713 2766 3993 2842 silentio

581 2891 731 2965 sere
791 2891 1085 2964 transire
1111 2947 1132 2981 ,
1181 2915 1484 2992 quorum
1547 2887 1781 2961 adhuc
1833 2889 2250 2966 existimatio
2300 2889 2535 2988 viget,
2586 2902 2709 2962 aut
2734 2903 2943 2983 ,certe
3003 2891 3187 2964 foret
3228 2889 3533 2990 legitima
3564 2946 3585 2984 ‚
3636 2917 3720 2964 ea
3757 2871 3989 2978 curio.

583 3016 728 3090 sius
769 3027 1108 3090 tractare:
1161 3028 1234 3088 et
1293 3013 1383 3086 de
1453 3013 1954 3115 antiquissimis
2021 3012 2238 3086 insius
2297 3037 2649 3112 exponere
2699 3013 2779 3106 in
2834 3013 3151 3088 animum
3202 3015 3449 3093 induxi
3477 3071 3495 3107 ,
3547 3029 3619 3098 et·
3668 3015 3763 3090 de
3798 2997 3935 3095 illis
3961 3075 3984 3111 ,

583 3169 764 3247 quae
803 3154 965 3244 post
1008 3139 1301 3226 Semleri
1347 3139 1649 3214 maxime
1692 3146 1992 3212 aetatem
2045 3136 2236 3214 edita
2263 3193 2284 3230 ,
2335 3137 2665 3212 acutioris
2708 3137 2913 3239 longe
2950 3153 3026 3212 et
3058 3139 3351 3214 sanioris
3391 3141 3653 3238 ingenii
3699 3144 3985 3252 vestigia
4119 3224 4137 3242 ⁸

581 3269 932 3370 produnt,
980 3292 1222 3362 eorum
1249 3321 1271 3357 ,
1317 3291 1496 3364 quae
1551 3267 1634 3342 in
1679 3263 1920 3338 medio
1969 3263 2101 3338 sita
2158 3277 2380 3357 sunt,
2418 3263 2667 3340 leviter
2718 3278 3029 3340 tacturus
3071 3265 3455 3340 notissima.
3556 3265 3767 3358 Quod
3808 3266 3983 3360 dum

581 3417 1042 3496 persequerer
1103 3389 1542 3491 propositum
1565 3445 1586 3479 ,
1663 3413 1830 3464 cum
1900 3389 2171 3480 Irenaei
2192 3445 2214 3481 ,
2283 3403 2721 3464 caeterorum
2800 3391 3057 3491 scripta
3082 3445 3103 3482 ,
3174 3392 3298 3492 qui
3373 3389 3465 3464 ad
3536 3393 4007 3484 Constantini·

577 3545 798 3622 nsque
841 3533 1152 3619 tempora
1173 3575 1192 3610 ‚
1239 3531 1362 3591 aut
1413 3517 1672 3617 passim
1719 3528 1841 3590 aut
1887 3511 2126 3596 dedita
2163 3517 2376 3618 opera
2399 3572 2420 3607 ,
2476 3517 2568 3590 de
2618 3515 2830 3620 hujus
2873 3515 3035 3589 libri
3072 3527 3481 3613 argumento
3516 3519 3813 3616 cogitata
3854 3545 3981 3608 sua

572 3658 1103 3744 expresserunt,
1150 3642 1540 3716 accuratius
1587 3642 2150 3743 perlustrassem,
2196 3643 2417 3717 multa
2456 3641 2735 3742 reperi,
2786 3665 2965 3742 quae
3014 3640 3093 3714 in
3156 3640 3289 3746 hac
3336 3647 3536 3720 causa
3580 3644 3759 3718 tanti
3806 3659 3975 3727 sunt

571 3759 948 3870 ponderis,
994 3782 1077 3842 ut
1150 3768 1509 3859 nesciam,
1573 3781 1812 3842 utrum
1867 3769 2086 3864 magis
2134 3769 2314 3842 mibi
2373 3767 2810 3868 profuerint,
2862 3766 2952 3840 ad
3009 3789 3365 3857 errorum,
3410 3769 3535 3866 qui
3582 3745 3787 3842 dein..
3806 3782 3976 3844 sunt

574 3894 968 3992 vervulgati
991 3948 1010 3983 ,
1061 3896 1331 3966 fontem
1383 3893 1854 3990 detegendum
1877 3945 1900 3982 ‚
1947 3919 2041 3965 an
2083 3891 2178 3966 ad
2253 3891 2331 3964 id
2361 3949 2380 3982 ,
2432 3892 2627 3994 quod
2668 3897 2811 3991 jam
2876 3903 3035 3966 ante
3078 3904 3480 3998 putarer-am
3505 3948 3523 3982 ,
3571 3920 3750 3969 novo
3796 3921 3971 4002 quo-

563 4021 733 4097 dam
777 4018 1028 4092 robore
1054 4015 1571 4092 stabiliendum.
1668 4021 1758 4088 At
1813 4016 2028 4088 simul
2080 4030 2408 4116 expertus
2456 4043 2613 4092 sum
2636 4075 2655 4110 ,
2718 4017 3093 4118 praecipue
3144 4041 3307 4088 eum
3362 4016 3709 4092 Victorini
3757 4021 3981 4094 Feta--

559 4142 916 4221 bionensis
946 4201 965 4237 ,
1019 4145 1141 4246 qui
1181 4144 1401 4217 fertur
1426 4200 1445 4235 ‚
1496 4141 2079 4217 commentarium
2131 4155 2505 4217 tractarem
2533 4199 2554 4235 ,
2604 4168 2822 4244 quam
2863 4141 3145 4216 difficile
3187 4157 3368 4217 esset
3394 4198 3414 4233 ,
3467 4169 3546 4216 ea
3592 4167 3768 4248 quae
3808 4143 3966 4244 plu·

537 4272 736 4382 -gima
797 4269 1269 4372 improbarem
1295 4326 1314 4357 ,
1368 4270 1470 4342 sic
1507 4267 1828 4343 refellere
1852 4325 1872 4360 ‚
1923 4283 2006 4342 ut
2051 4293 2200 4342 non
2247 4269 2469 4368 prius
2514 4295 2727 4370 quam
2788 4281 3065 4343 nostrae
3114 4271 3503 4342 sententiae
3558 4267 3957 4342 referendae

497 4428 504 4439 ·
559 4393 758 4472 Iocus
811 4391 1030 4488 foret,
1080 4395 1476 4496 potissimas
1542 4400 1686 4493 jam
1735 4406 1970 4495 partes
2037 4399 2190 4493 ejus
2237 4393 2517 4469 edicere
2562 4419 3059 4496 occupassem3
3120 4393 3305 4467 unde
3336 4451 3355 4486 ‚
3408 4421 3573 4466 cum
3620 4420 3762 4496 quo
3802 4421 3959 4495 pro·

555 4521 718 4620 pius
767 4522 860 4595 ad
905 4521 1326 4594 recentiores
1393 4519 1904 4620 impugnandos
1973 4518 2416 4594 devenissem
2438 4574 2457 4608 ,
2505 4543 2589 4592 eo
2648 4521 2887 4592 minus
2944 4519 3281 4618 sentirem
3322 4523 3471 4617 ejus
3526 4518 3956 4612 incommodi

550 4643 1100 4746 subterfugiendi
1143 4648 1420 4746 copiam
1460 4645 1770 4720 futuram
1801 4703 1821 4738 ‚
1877 4645 2268 4721 necessario
2319 4658 2860 4720 consecuturum
2906 4643 3085 4735 vidi,
3140 4657 3222 4717 ut
3274 4643 3384 4717 vel
3422 4642 3682 4719 deinde
3732 4645 3952 4720 multa

548 4767 726 4846 mihi
785 4751 1018 4846 essent
1064 4772 1403 4846 inutiliter
1455 4771 1836 4876 repetenda
1861 4828 1882 4869 ‚
1933 4770 2047 4851 vel
2105 4784 2319 4876 caput
2381 4771 2615 4872 ipsum
2668 4769 3161 4872 disputationis
3230 4783 3439 4846 tenue
3497 4797 3577 4846 ac
3639 4775 3952 4872 jejunum

595 4917 600 4920 ·
2460 4893 2523 4970 Β
2555 4897 2599 4973 3
3834 4917 3955 4970 ex·
