4825 5834
549 638 1336 763 m935334.5332n12
1375 626 1882 724 01spon
1943 628 2208 741 elatior·
2231 629 2604 735 character
2624 618 3067 705 ‘fneoessanioi
3084 618 3635 729 inquiren-etun.
3676 641 4007 724 quaeque

549 739 1878 883 Rmm‚afnfflffi135„.gpffiuis‚;
1931 756 2046 841 dag
2087 756 2346 869 quibus
2395 749 2607 846 dini,
2650 748 3017 831 istan-ioris
3049 742 3697 841 meeflttmibun,
3743 752 4003 848 magna

548 857 1340 1017 dss-fl81ffl92ffQ232
1366 886 1568 991 wild-
1599 884 1792 981 illim
1825 885 2038 989 igini·-
2057 885 2353 969 tahulae
2377 894 2471 965 et,
2492 879 2913 961 unimam
2946 874 3367 955 salutemet
3398 864 3671 975 singula
3702 876 4011 951 minuta-

547 1017 1330 1137 <133ngss
1375 1015 1976 1120 :totapammritj
2005 1027 2100 1099 ut
2157 1010 2328 1115 nt,
2378 1010 2441 1090 si
2470 1009 3421 1112 ·‚alionum=·zpmmmcpnam,
3456 999 3743 1089 illorum
3802 1014 4009 1081 certe

549 1152 896 1249 flosculffl·
929 1120 1891 1271 ἓρῇεεῇωιιωφςρηᾳωπίῐ,
1921 1140 2040 1255 re}
2065 1140 2154 1228 ,εἰ
2195 1140 2326 1251 suia
2365 1153 2617 1243 sponte
2652 1134 2987 1239 'cogitata
3024 1129 3837 1239 e'xqisisitipsssvesticrit,
3888 1154 4003 1207 ee·

518 1269 754 1389 ‘rpsei
829 1291 1072 1383 ‚atqup
1133 1275 1152 1293 ⁹
1229 1275 1264 1368 ,⁹
1317 1257 1666 1370 icntiam.-
1695 1272 1950 1363 aetatis
2005 1285 2206 1355 ‘suae'
2254 1268 2512 1351 misene
2584 1266 2863 1371 ubique
2950 1260 3395 1367 Isi-offidarim.
3508 1254 3729 1351 Quod
3808 1257 3985 1333 adeo

552 1432 730 1497 mm.
789 1406 1026 1509 „Q
1081 1492 1132 1502 Ἡ
1189 1405 1354 1503 {qne
1411 1395 2084 1498 neamimefflnd
2129 1398 2404 1503 passim
2476 1406 2713 1499 sapsa:
2756 1387 3479 1485 tolerabiliter,:·1mo¹
3532 1386 3755 1465 cauete
3800 1411 3993 1463 noa-

552 1559 917 1638 nunquam
1001 1512 1088 1604 et⁸
1145 1551 1428 1626 gravem
1497 1525 1576 1599 in
1650 1525 1869 1599 finem
1890 1581 1911 1617 ‚
1986 1524 2250 1600 factum
2319 1521 2689 1625 videamus
2717 1578 2739 1616 ,
2831 1532 3127 1599 tantuma
3178 1515 3443 1605 abeam,
3516 1524 3603 1593 ut
3650 1510 3805 1591 ·vel
3872 1540 4004 1589 au·

555 1678 824 1739 ctorem
859 1654 1024 1730 inde
1067 1652 1449 1755 multiplici
1475 1651 1688 1726 fuisse
1715 1651 1920 1752 copia
1937 1648 2354 1727 eruditionis
2400 1650 2665 1751 patriae
2718 1645 3073 1724 excultum
3121 1636 3627 1717 concludamus
3657 1694 3679 1732 ,
3730 1640 3848 1717 vel
3900 1638 4003 1715 la.

551 1786 718 1863 bem
802 1785 1011 1858 istam
1097 1780 1290 1854 unde
1355 1776 1652 1853 tandem
1719 1777 2146 1853 contraxerit
2169 1832 2192 1870 ,
2272 1776 2669 1853 miremur:
2757 1788 2844 1849 ut
2913 1772 3127 1847 satius
3191 1768 3423 1844 virum
3494 1790 3953 1867 agnoscamus
3978 1826 3999 1859 ‚

552 1910 1006 1993 mediocriter
1045 1896 1439 1982 humanum
1465 1962 1486 1996 ‚
1534 1903 1804 1980 scilicet
1838 1906 1956 1979 cui
1995 1901 2390 1979 doctiorum
2435 1900 2705 1975 somnia
2750 1896 3085 1973 latuerint
3101 1952 3124 1988 ,
3173 1906 3249 1969 et
3290 1892 3759 1995 suspiciamus
3795 1895 3996 1995 inge·

555 2041 758 2116 nium
787 2093 807 2130 ‚
857 2032 1046 2136 quod
1104 2030 1365 2133 partim
1411 2056 1536 2104 sua
1567 2030 1843 2106 bonitas
1864 2088 1885 2123 ,
1931 2031 2194 2133 partim
2247 2026 2605 2127 religionis
2644 2023 3083 2101 Christianae
3124 2020 3494 2097 salsissima
3528 2018 3709 2097 ratio
3741 2044 3829 2095 eo
3868 2020 3997 2095 ad-

553 2162 878 2253 duxerit,
927 2171 1009 2230 ut
1046 2169 1118 2229 et
1181 2155 1272 2229 ab
1331 2156 1836 2255 antiquissimis
1890 2156 2115 2257 potitis
2183 2152 2659 2254 pulcherrima
2720 2148 3023 2251 plurima
3046 2205 3069 2242 ,
3124 2160 3199 2222 et
3248 2172 3339 2221 ex
3369 2144 3847 2221 recentiorum
3890 2158 3997 2219 at·

555 2313 696 2391 que
741 2281 1139 2388 aequalium
1176 2278 1378 2378 nugis
1433 2304 1579 2353 non
1624 2279 1765 2354 nisi
1815 2281 2010 2381 quod
2060 2278 2403 2351 levissime
2440 2273 2760 2352 offendat
2782 2334 2802 2369 ,
2853 2272 3361 2378 temperantius
3416 2296 3633 2369 quam
3682 2294 3817 2375 pro
3860 2271 3995 2347 ista

557 2426 777 2487 aetate
800 2468 821 2504 ‚
868 2407 1172 2510 petierit.
1245 2406 1390 2498 Qui
1439 2405 1651 2503 igitur
1697 2404 1744 2476 J
1746 2402 2102 2478 ohannem
2150 2402 2350 2476 illum
2377 2461 2399 2497 ‚
2450 2406 2659 2481 sicuti
2698 2431 2831 2479 nos
2874 2404 3275 2479 effinximus
3302 2462 3323 2497 ,
3371 2417 3615 2479 mente
3654 2403 3991 2480 informa-

557 2537 744 2609 verit
767 2590 788 2627 ,
837 2547 911 2606 et
967 2557 1142 2605 num
1200 2531 1277 2603 in
1331 2529 1543 2602 talem
1588 2529 1825 2603 virum
1865 2529 2000 2602 tale
2045 2528 2252 2602 cadat
2301 2554 2478 2631 opus
2505 2589 2525 2624 ,
2577 2523 3155 2633 circumspexerit
3180 2585 3202 2623 ,
3266 2554 3415 2604 non
3470 2528 3715 2605 dubito
3741 2582 3768 2623 ,
3807 2533 3983 2635 quin

555 2664 814 2737 frustra
865 2683 1013 2732 esse
1057 2680 1176 2729 eos
1223 2680 1680 2729 concessurus
1709 2642 1855 2759 sit,
1925 2656 2050 2756 qui
2098 2665 2495 2728 exterorum
2550 2654 2787 2745 literis
2824 2680 2969 2728 non
3009 2676 3264 2755 parum
3329 2652 3527 2728 hunc
3584 2654 3795 2731 fuisse
3864 2655 3993 2731 im·

442 2820 448 2827 ·
556 2789 812 2864 butum
860 2796 1121 2885 cogunt
1152 2840 1172 2875 ,
1227 2795 1301 2855 et
1335 2778 1430 2855 ad
1484 2778 1798 2855 scenicas
1851 2781 2286 2855 Graecorum
2343 2778 2611 2853 fabulas
2672 2780 3133 2881 scriptionem
3159 2802 3393 2880 §suam
3454 2794 3778 2855 accurate
3824 2806 3981 2857 exeo

516 2932 533 2941 ¹
563 2916 764 3019 gisse.
865 2912 1065 3005 Quae
1107 2909 1298 2982 enim
1351 2905 1518 2979 huic
1571 2931 1740 2980 cum
1778 2905 1926 3025 illis⁸
1956 2907 2221 2982 formae
2267 2932 2417 2981 esse
2476 2909 2801 3007 cognatio
2860 2905 3313 3009 perbihetur,
3383 2922 3506 2983 aut
3557 2912 3795 2987 nativa
3831 2912 3987 3014 pla·

525 3046 658 3119 'ne
710 3051 784 3113 et
825 3035 916 3111 ab
967 3036 1159 3110 omni
1202 3047 1350 3108 arte
1385 3031 1786 3133 longissime
1832 3045 2101 3108 remota
2167 3047 2309 3126 est,
2363 3046 2485 3106 aut
2544 3032 2956 3111 adumbrata
3007 3032 3351 3133 falsaque,
3390 3048 3463 3109 et
3530 3060 3777 3111 eorum
3828 3062 3995 3111 mo·-

565 3165 661 3241 do
705 3161 927 3239 oculis
973 3174 1228 3264 patens
1256 3216 1276 3252 ,
1326 3160 1452 3261 qui
1493 3164 1970 3259 conjecturam
2013 3158 2459 3259 magnificam
2502 3187 2715 3264 quam
2751 3159 3019 3235 nudam
3070 3161 3437 3236 veritatem
3476 3165 3806 3266 persequi
3840 3192 3992 3239 ma-

560 3292 746 3368 lunt.
843 3288 1029 3364 Nam
1085 3312 1252 3361 sane
1278 3339 1300 3376 ,
1350 3284 1545 3384 quod
1585 3310 1764 3385 quae
1829 3283 2104 3361 diverso
2155 3274 2480 3388 tempore
2544 3286 2717 3361 aliae
2774 3311 2863 3360 ex
2920 3284 3070 3360 aliis
3138 3310 3253 3360 res
3298 3300 3535 3362 essent
3603 3290 3948 3389 gerendae
3967 3352 3987 3387 ,

565 3440 682 3491 eas
721 3417 818 3490 ita
864 3416 1056 3487 inter
1073 3436 1148 3485 se
1203 3436 1556 3484 connexas
1606 3422 1847 3485 auctor
1897 3415 2264 3514 proposuit
2290 3469 2311 3504 ,
2353 3426 2433 3487 ut
2494 3416 2899 3519 continuam
2958 3410 3317 3515 quandam
3394 3414 3835 3523 legitimeque
3915 3449 3993 3497 a·

559 3556 764 3645 ptam
801 3539 1108 3616 tabulam
1152 3538 1464 3640 pinxisse
1517 3536 1886 3613 videatur:
1939 3538 2118 3613 illud
2153 3568 2301 3617 non
2352 3540 2579 3615 sentio
2600 3598 2619 3635 ‚
2668 3566 2797 3614 cur
2830 3563 2981 3614 non
3028 3538 3251 3641 ipsius
3286 3553 3581 3617 naturae
3624 3544 3992 3625 instinctui

553 3668 948 3777 judiciique
1002 3658 1393 3763 ‚integritati
1452 3662 1778 3739 debuisse
1809 3722 1829 3759 ‚
1887 3680 2010 3741 aut
2033 3723 2052 3757 ,
2094 3667 2151 3741 si
2211 3669 2691 3771 exemplorum
2736 3667 3145 3743 auctoritate
3206 3667 3273 3741 ei
3331 3696 3499 3745 usus
3551 3672 3762 3748 fuerit
3782 3732 3803 3768 ,
3850 3702 3987 3753 cur

543 3864 550 3871 .
562 3794 800 3899 potius
841 3796 884 3867 a
921 3793 1206 3889 Graecis
1221 3843 1250 3884 ,
1293 3816 1508 3894 quam
1555 3794 1596 3865 a
1616 3791 2081 3898 'popularium
2115 3792 2386 3869 vatibus
2418 3793 2743 3869 didicisse
2803 3794 3261 3871 existimetur.
3359 3797 3571 3891 Quod
3616 3826 3781 3875 vero
3824 3828 3986 3878 con-

561 3918 996 3995 venientiam
1053 3920 1262 3991 istam
1301 3915 1510 3989 ultra*
1531 3942 1814 4018 quoque
1857 3920 1936 3993 in
1998 3921 2434 4018 singularum
2478 3924 2786 4024 partium
2840 3922 3301 4026 dispositione
3344 3924 3587 3999 volunt
3628 3930 3980 4031 conspici,

563 4059 777 4149 atque
832 4044 1006 4117 adeo
1050 4043 1129 4116 in
1180 4042 1404 4117 varios
1477 4054 1672 4117 actus
1719 4057 1792 4117 et
1850 4046 1931 4155 in
1985 4072 2229 4123 scenas
2285 4048 2653 4124 artificiose
2710 4052 2847 4125 boc
2896 4074 3073 4151 opus
3122 4048 3597 4153 dispertiunt:
3646 4054 3725 4127 id
3748 4056 3987 4131 nescio

521 4158 526 4161 ’
558 4186 807 4248 utrum
829 4168 952 4274 qui
991 4168 1220 4271 prima
1267 4167 1441 4243 facie
1464 4221 1486 4259 ,
1535 4194 1628 4241 an
1681 4170 1806 4270 qui
1851 4174 2186 4247 attentius
2231 4176 2395 4277 peni
2403 4177 2677 4280 tiusque
2738 4172 2931 4249 illius
2994 4176 3342 4254 rationem
3394 4178 3941 4259 consideraverit
3972 4235 3993 4278 ‚

563 4297 778 4397 magis
835 4296 929 4369 sit
971 4320 1058 4369 ex
1103 4296 1334 4370 animo
1383 4310 1901 4398 aspernaturus.

665 4420 861 4496 Haec
899 4422 1135 4525 itaque
1163 4480 1184 4515 ,
1250 4448 1390 4499 nee
1436 4449 1615 4501 nova
1657 4452 1942 4528 prorsus
1973 4484 1991 4519 ,
2063 4452 2200 4504 nec
2227 4484 2248 4517 ,
2313 4441 2487 4530 puto
2512 4486 2533 4522 ,
2606 4426 2918 4503 obsoleta
2942 4480 2965 4519 ‚
3014 4428 3093 4502 in
3136 4428 3393 4531 quibus
3442 4429 3633 4505 velut
3676 4434 3753 4507 in
3802 4458 3992 4509 sum·

443 4568 450 4574 ·
569 4545 706 4623 mis
750 4548 1092 4649 capitibus
1141 4550 1487 4628 sententia
1546 4566 1782 4627 nostra
1824 4556 2124 4629 vertitur
2148 4614 2168 4645 ‚
2234 4558 2278 4629 a
2340 4555 2607 4631 lectore
2673 4556 3051 4661 anticipata
3105 4552 3317 4629 velim
3392 4554 3664 4632 haberi.
3790 4562 3993 4652 Quae

575 4682 658 4745 ut
699 4672 848 4777 ipse
911 4674 1204 4755 demum
1273 4693 1475 4756 caute
1543 4680 1874 4758 omnibus
1939 4686 2314 4787 perpensis
2339 4741 2364 4780 ,
2440 4706 2525 4759 ex
2572 4680 2720 4757 solo
2768 4679 2933 4756 libri
2980 4696 3391 4784 argumento
3437 4698 3511 4760 et
3552 4684 3827 4761 indiciis
3876 4685 3987 4759 in·

3878 4822 3984 4883 te-
