4825 5834
2438 417 2557 442 ...
2590 377 2687 456 16
2734 411 2893 442 ...η

929 577 1116 652 XXI
1165 589 1238 654 et
1273 578 1538 672 XXII,
1590 593 1862 657 statum
1895 583 2360 662 laetissimum
2396 589 2755 662 Ecclesiae
2789 585 3235 660 Christianae
3280 571 3665 660 annuntiet.
3718 583 3819 684 (d
3830 585 3859 684 )
3934 583 4129 676 Quae
4170 605 4347 656 cum.

932 703 1048 776 ille
1097 705 1460 796 sumserit,
1511 721 1591 782 ut
1635 711 2077 786 commodam
2140 681 2348 816 a-tque
2413 716 2775 814 propriam
2818 699 3241 786 sententiam
3302 710 3665 782 restituere
3709 708 4000 809 singulis
4062 720 4335 812 posset,

931 855 1054 928 age
1098 834 1244 929 jam
1299 833 1538 933 paucis
1587 838 1878 938 accipe,
1955 840 2307 941 quomodo
2369 864 2455 912 ea
2500 840 2591 912 sit
2650 847 3062 948 persecutus
3084 892 3105 930 ,
3158 849 3230 912 et
3282 834 3485 926 vide,
3536 863 3683 931 an,
3730 833 3839 908 his
3881 835 4158 937 positis,
4184 831 4343 907 dif-

929 953 1204 1029 ficultas
1255 982 1294 1029 e
1343 958 1581 1033 medio
1627 962 1898 1039 sublata
1945 966 2055 1038 sit.

1025 1080 1265 1154 Prima
1321 1083 1532 1184 igitur
1585 1089 1814 1190 capita
1856 1094 1898 1162 a
1933 1089 2225 1191 reliquis
2269 1089 2475 1192 plane
2516 1089 2837 1165 distinxit
2858 1148 2879 1183 ,
2926 1116 3007 1166 ac
3052 1089 3369 1164 statuisse
3426 1087 3745 1180 videtur,
3792 1088 4047 1188 partim
4097 1090 4181 1163 iis
4234 1089 4342 1164 in·

927 1205 1224 1282 troitum
1265 1211 1612 1300 contineri
1659 1228 1732 1287 et
1771 1214 2258 1292 allocutionem
2289 1275 2308 1306 ‚
2357 1219 2685 1293 universo
2716 1217 2917 1317 operi
2960 1230 3112 1291 tum
3168 1215 3458 1291 demum
3504 1216 3919 1316 praemissos
3942 1272 3961 1306 ,
4015 1239 4173 1286 cum
4216 1243 4339 1288 va-

924 1334 1064 1406 rias
1125 1339 1274 1435 ejus
1333 1348 1607 1436 parteS,
1659 1337 1939 1416 diverso
1988 1357 2308 1446 tempore
2355 1342 2689 1430 ‚conditas
2723 1400 2742 1435 ,
2808 1343 2881 1414 in
2944 1367 3167 1416 uuum
3219 1366 3474 1441 corpus
3530 1355 3772 1415 auctor
3849 1342 4333 1444 conjunxerit3

924 1460 1180 1560 partim
1201 1515 1227 1558 ,
1277 1465 1320 1534 a
1362 1488 1516 1572 cap.
1558 1465 1632 1536 I:
1685 1492 1736 1566 9
1803 1469 2164 1544 oraculum
2229 1468 2594 1572 quoddam
2651 1467 3002 1570 peculiare
3058 1466 3286 1560 tradi,
3350 1467 3809 1568 omniumque
3874 1458 4187 1568 primum
4259 1469 4336 1542 in

924 1585 1154 1661 insula
1191 1589 1438 1662 Patmo
1485 1590 1552 1662 ei
1595 1591 1948 1686 oblatum,
1999 1595 2187 1696 quod
2246 1621 2394 1669 non
2459 1595 2645 1670 ultra
2706 1619 2921 1696 quam
2988 1592 3081 1668 ad
3148 1593 3338 1666 tertii
3382 1594 3630 1692 capitis
3692 1595 3908 1666 finem
3954 1594 4331 1692 pertineat.

927 1715 1162 1804 Quare
1208 1719 1473 1815 jussum
1519 1713 1706 1788 illud
1776 1721 1948 1794 Jesu
1999 1721 2316 1813 Christi,
2364 1722 2439 1795 1:
2504 1747 2579 1794 11
2638 1733 2713 1794 et
2768 1744 2889 1818 19,
2938 1719 3014 1794 in
3064 1718 3250 1794 hanc
3296 1720 3717 1792 sententiam
3760 1720 4069 1819 accepit,
4120 1733 4201 1792 ut
4225 1720 4329 1794 ni-

921 1835 1034 1910 hil
1067 1837 1365 1939 amplius
1405 1841 1544 1914 vati
1601 1839 2020 1918 mandatum
2061 1846 2268 1919 fuerit
2288 1903 2306 1936 ‚
2359 1873 2571 1947 quam
2610 1858 2736 1938 ut,
2786 1869 2965 1948 quae
3026 1857 3185 1916 tum
3252 1843 3546 1918 vidisset
3588 1857 3796 1946 atque
3838 1843 4171 1916 audiisset
4204 1867 4329 1916 ex-

931 1964 1229 2063 plicari,
1279 1966 1358 2039 12
1416 1991 1695 2042 10--20
1717 2027 1736 2060 ,
1787 1986 2060 2073 septem
2104 1969 2247 2046 illis
2285 1971 2841 2045 Christianorum
2915 1968 3202 2044 familiis
3268 1971 3662 2068 impertiret
3683 2026 3702 2061 ‚
3754 1996 3835 2043 ac
3886 1968 4094 2043 simul
4156 1969 4329 2070 Epi-

927 2088 1141 2163 stulas
1163 2146 1182 2180 ,
1256 2118 1426 2192 quas
1476 2093 1632 2193 ipse
1696 2097 1900 2172 Jesus
1962 2096 2366 2172 dictavisset
2390 2154 2410 2188 ‚
2472 2094 2823 2197 extemplo
2880 2091 2975 2170 ad
3014 2111 3135 2171 eos
3188 2096 3675 2198 perscriberet.
3774 2095 4047 2168 Harum
4090 2096 4329 2194 itaque,

927 2229 1416 2312 argumentum
1440 2275 1458 2307 ,
1529 2245 1686 2319 cap.
1741 2223 1814 2295 ΙΙ
1856 2240 1930 2300 et
1975 2225 2085 2298 111
2109 2281 2128 2315 ‚
2202 2237 2577 2324 postquam
2624 2248 2755 2324 pro
2803 2223 2929 2296 sua
2986 2235 3210 2296 aetate
3250 2221 3505 2296 eximie
3530 2278 3549 2314 ‚
3598 2221 3735 2296 hoc
3772 2233 3921 2310 est,
3974 2221 4325 2293 Gramma·

925 2331 1070 2412 tice
1137 2333 1344 2442 at’que
1417 2341 1770 2418 Histoi-icc
1795 2402 1814 2437 ,
1877 2345 2344 2447 expedivisset
2367 2403 2388 2438 ,
2462 2348 2556 2420 ad
2622 2365 2777 2422 eam
2824 2348 3339 2442 vaticinationis
3395 2361 3668 2448 partem
3714 2371 4119 2448 progressus
4168 2359 4275 2420 est
4298 2401 4321 2442 ‚

927 2459 1064 2566 qua
1111 2467 1192 2538 in
1241 2465 1487 2540 eadem
1557 2447 1790 2542 insula
1815 2526 1836 2563 ,
1890 2463 2283 2573 imperante
2341 2471 2641 2548 Claudio
2669 2527 2691 2566 ,
2742 2471 2969 2548 literis
3029 2475 3432 2571 consignata
3451 2528 3471 2566 ,
3520 2473 3951 2547 Judaeorum
3990 2461 4321 2544 ‘maxime

925 2589 1162 2664 sutura
1201 2615 1351 2665 sors
1395 2610 1724 2670 accurate
1765 2598 2404 2699 praedicta-fuerin
2454 2601 2551 2672 ita
2604 2599 2975 2690 nimirum,
3046 2610 3175 2690 ut,
3224 2623 3391 2674 cum
3426 2600 3667 2700 'capita
3710 2597 3813 2672 IV
3852 2613 3928 2672 et
3962 2597 4033 2670 V
4080 2595 4171 2669 ad
4217 2623 4357 2672 vac

927 2717 1414 2791 ticinationem
1461 2718 1654 2794 illam
1697 2723 2188 2823 accipiendam
2239 2721 2541 2799 lectores
2597 2725 2796 2799 velut
2837 2727 3186 2798 instruant
3206 2781 3225 2814 ,
3276 2728 3317 2796 a
3349 2749 3497 2824 cap.
3546 2721 3716 2796 inde
3766 2722 3871 2796 VI
3917 2720 4007 2796 ab
4047 2723 4132 2796 iis
4172 2749 4323 2796 ma-

924 2839 1017 2916 lis
1073 2842 1504 2919 nuntiandis»
1540 2845 1910 2922 exordium
1965 2847 2266 2924 ducatur
2287 2901 2308 2942 ,
2357 2873 2539 2952 quae
2596 2863 2766 2926 ante
2826 2845 3087 2924 bellum
3106 2905 3125 2941 ,
3170 2873 3341 2924 eum
3387 2850 3733 2924 Romanis
3762 2849 4151 2950 gerendum
4172 2906 4192 2945 ‚
4246 2849 4316 2925 ei

925 2969 1128 3070 genti·
1155 2985 1388 3044 essent
1418 2971 1823 3074 infligenda.
2034 2987 2041 2993 '
4319 2983 4330 2991 '

1017 3097 1284 3196 Aperta
1331 3099 1573 3199 itaque
1607 3104 1841 3232 primo
1893 3097 2061 3173 libri
2127 3099 2354 3193 illius,
2407 3127 2549 3204 quo
2594 3103 2827 3178 futura
2876 3106 3447 3191 continerentur,
3497 3095 3759 3206 sigillo,
3807 3087 4075 3182 V121
4122 3105 4322 3200 equi·

923 3221 1018 3294 tis
1049 3221 1326 3321 Reff'ae
1306 3219 1626 3324 imagine
1667 3223 2028 3298 Christum
2080 3238 2290 3326 putat
2331 3225 2813 3328 designatum,
2835 3231 2988 3336 qui
3052 3229 3160 3306 ad
3196 3251 3473 3302 causam
3532 3249 3731 3305 suam
3782 3222 4274 3314 deicandam
4296 3283 4316 3318 ‚

920 3337 1360 3422 Iudaeorum
1407 3347 1821 3422 calamitatis
1861 3350 2058 3450 quasi
2091 3365 2332 3428 auctor
2373 3369 2559 3430 esset
2596 3341 2997 3433 exstiturus.

954 3467 1474 3563 Tu1t11,‹2010¹
1492 3471 1558 3566 4
1551 3529 1580 3566 ,
1654 3473 1928 3550 recluso
1975 3474 2214 3552 altero.
2243 3478 2511 3578 sigillo,
2562 3480 2801 3581 prodit
2845 3507 3057 3555 omen
3114 3504 3360 3554 eorum
3415 3475 3762 3552 bellorum
3790 3533 3807 3565 ,
3838 3502 4016 3578 quae
4061 3477 4109 3552 J
4112 3477 4317 3556 odaei

921 3619 1096 3670 mm·
1132 3594 1382 3690 vicinis
1429 3609 1552 3670 aut
1584 3600 1972 3677 eorundem
2005 3603 2433 3706 oppidorum
2474 3606 2726 3682 incolis
2782 3618 3187 3704 gesserunt3
3220 3603 3423 3707 quale
3464 3603 3597 3676 fuit
3628 3602 4121 3677 Beraeensium
4154 3629 4317 3676 cum

915 3720 1530 3856 Philadelphenis
1552 3780 1571 3815 ‚
1663 3732 1866 3827 cujus
1933 3734 2372 3806 mentionem
2444 3731 2615 3806 fecit
2652 3729 3039 3834 Iosephus,
3124 3732 3339 3808 Antt.
3390 3729 3575 3800 XX.
3630 3754 3689 3801 1.
3804 3706 3892 3800 Ϊιι
3936 3726 4055 3800 his
4103 3729 4316 3827 igitur

917 3854 1122 3939 λαβεῖν
1163 3859 1270 3944 τήν
1305 3859 1546 3952 εἰρήνην
1531 3859 1622 3925 ἐκ.
1663 3873 1762 3942 τῆς
1797 3875 1902 3958 γῆς
1925 3857 2334 3958 significat.
2369 3883 2632 4004 pacem
2702 3859 2978 3938 demere
3018 3882 3126 3934 ex
3166 3858 3445 3958 aliquot
3510 3849 3855 3928 tractibus
3910 3865 4137 3928 terrae
4172 3853 4315 3926 Ju-

915 3972 1334 4051 daeorum.
1601 4035 1614 4048 .
2495 4055 2505 4060 ,
4284 4038 4291 4045 .

1015 4105 1286 4204 Aper-to
1319 4105 1542 4204 sigillo
1581 4109 1833 4202 tertio,
1872 4110 2008 4186 col.
2033 4110 2086 4187 6
2115 4167 2133 4208 ,
2183 4109 2585 4214 prodigium
2632 4111 2948 4198 cernitur
2982 4080 3226 4202 famis,
3275 4135 3488 4211 quam
3523 4106 3765 4182 revera
3791 4102 4066 4179 Claudii
4092 4116 4310 4178 aetate

919 4251 1052 4327 per
1114 4231 1484 4305 Judaeum
1533 4247 1910 4332 grassatam
1953 4237 2202 4331 fuisse,
2229 4265 2340 4314 ex
2389 4239 2799 4316 testimonio
2846 4237 2893 4312 J
2894 4237 3143 4339 osephi
3188 4232 3447 4312 iterum
3487 4245 3835 4340 apparet.-

931 4379 941 4386 ·
1019 4355 1164 4428 Col.
1217 4361 1315 4450 8,
1363 4375 1608 4462 quarto
1651 4375 1942 4464 aperta),
1993 4365 2180 4441 Mors
2229 4367 2511 4470 prodit,
2558 4365 2673 4443 vel
2715 4365 2949 4456 ferro,
3001 4361 3113 4436 vel
3154 4361 3335 4436 fame
3354 4415 3375 4452 ,
3426 4360 3539 4433 vel
3584 4371 3831 4464 peste,
3882 4354 3992 4429 vel
4032 4379 4164 4455 ope
4206 4346 4311 4426 fe-

923 4499 1162 4549 rarum
1207 4502 1542 4580 quartam
1571 4493 1803 4587 gemis
1849 4493 1916 4565 J
1909 4490 2214 4566 udazcae
2273 4505 2547 4594 partem
2607 4491 2823 4567 exitio
2882 4488 3153 4566 datura.
3253 4484 3471 4583 Quod
3531 4486 3791 4558 tactum
3840 4504 3991 4556 esse
4014 4505 4097 4551 eo
4138 4493 4313 4550 tem-

919 4623 1095 4704 pore
1124 4659 1142 4691 ,
1195 4603 1478 4683 Grotius
1513 4635 1600 4682 ex
1643 4611 1933 4688 historia
1971 4641 2120 4688 non
2160 4615 2503 4716 probavit.
3664 4610 3672 4618 ’

913 4842 930 4858 „
1026 4724 1182 4802 Col.
1221 4751 1282 4832 9
1303 4785 1326 4824 ,-
1365 4734 1616 4834 quinto
1650 4749 1926 4816 remoto
1942 4797 1962 4836 ‚
1989 4739 2256 4853 clamor
2301 4743 2569 4822 exstitit
2603 4741 3162 4838 Christianorum
3180 4797 3201 4835 ,
3223 4737 3578 4846 religionis
3614 4734 3821 4848 caus&
3864 4733 4249 4857 9⁰0me
4280 4785 4301 4822 ο

3684 4857 3703 4872 .
4189 4871 4299 4929 ex·
